2764 4688
233 379 303 464 add
571 377 620 444 Μ.
646 378 684 444 Τ.
712 374 959 446 CICERONIS

232 501 302 576 Sed
328 497 556 584 mehercule,
583 509 625 567 ut
650 495 799 594 quidem
824 505 952 567 nunc⁹
977 520 1016 567 se
1042 520 1148 568 causa
1172 493 1307 584 habet,

233 615 300 688 etsi
323 613 495 683 hesterno
523 631 690 680 sermone
718 605 938 678 labefacta¹⁰
967 619 1041 695 est,
1068 605 1157 676 mihi
1181 619 1309 676 tamen

233 725 470 797 videturesse
495 719 689 790 verissima.
713 721 826 814 Agam
845 719 965 814 igitur,
989 721 1083 789 sicut
1105 717 1308 790 Antiochus

234 833 373 934 agebat.
396 835 490 902 Nota
510 830 608 900 enim
624 827 713 898 mihi
729 853 786 899 res
804 843 868 900 est.
888 835 980 903 Nam
998 844 1034 900 et
1049 854 1165 900 vacuo
1183 831 1310 899 animo

234 947 337 1018 illum
367 939 579 1026 audiebam,
604 953 640 1010 et
667 963 799 1037 magno
829 939 971 1028 studio,
999 941 1169 1012 eadem¹¹
1198 939 1246 1012 de
1268 963 1309 1010 re

235 1061 340 1130 etiam
378 1055 532 1150 saepius;
569 1065 610 1121 ιιι
644 1055 752 1122 etiam
790 1051 965 1147 majorem
1000 1055 1311 1150 exspectationem

233 1170 305 1242 mei
319 1179 348 1212 ¹²
364 1165 511 1248 laciams
526 1186 636 1259 quam
652 1161 761 1233 modo
778 1161 864 1234 fecit
879 1163 1102 1234 Hortensius.
1119 1167 1247 1254 Quum
1259 1167 1311 1233 ita

234 1291 327 1350 esset
346 1297 513 1360 exorsus,
531 1270 576 1342 ad
594 1271 815 1344 audiendum
833 1277 971 1344 animos
991 1275 1182 1346 ereximus.

126 1405 130 1412 '
185 1413 213 1448 1¹
282 1394 328 1460 At
349 1386 427 1474 ille,
451 1388 573 1476 Quum
599 1383 823 1456 Alexandriae
847 1411 915 1483 pro
945 1401 1142 1484 quaestore,
1164 1386 1312 1484 inquit,

224 1494 406 1584 'essem¹³‚
437 1493 507 1566 tuit
529 1494 730 1566 Antiochus
755 1519 919 1586 mecum,
941 1511 977 1567 et
1001 1511 1077 1568 erat
1099 1497 1175 1592 jam
1201 1511 1313 1568 antea

234 1739 408 1796 ratioesueu
423 1733 515 1782 Graecis
528 1741 674 1792 mutusts,«
685 1733 749 1780 Sunt
832 1749 873 1782 11.
892 1733 987 1782 Eadem
1001 1733 1033 1781 de
1047 1750 1080 1782 re.
1102 1735 1208 1782 Peccant
1227 1734 1255 1782 iu
1272 1734 1315 1783 his

233 1818 318 1868 istas:
332 1815 375 1864 sed
388 1830 482 1878 semper
493 1812 525 1860 ad
537 1823 650 1860 contexta
665 1812 749 1876 proxi-
793 1811 889 1861 scribae.
915 1813 996 1863 Codd.
1020 1813 1103 1879 plnres
1127 1813 1229 1862 addere.
1252 1817 1315 1863 Erat

233 1915 273 1946 me
287 1897 399 1953 refertur,
413 1905 506 1944 utnon
519 1909 583 1940 vera
596 1893 627 1941 sit
639 1891 749 1956 cogitatu·
794 1893 858 1939 enim
883 1909 926 1956 per
947 1909 1028 1958 comp.
1050 1894 1106 1944 ead.
1129 1895 1265 1958 seriptum,
1288 1905 1315 1941 et

236 1977 308 2032 dum,
322 1975 363 2024 sed
377 1995 389 2016 ι
399 1975 445 2036 ira,
458 1983 485 2020 ut
498 1973 569 2034 ilico,
583 1971 658 2030 dicis,
673 1983 721 2019 etc.
735 1991 749 2012 υ
795 1973 872 2035 prima
890 1971 982 2035 syllaba
1000 1974 1110 2038 perierat.
1129 1975 1202 2033 Pejus
1221 1973 1315 2020 deiude

236 2068 264 2106 ut
278 2055 350 2103 etiam
366 2052 424 2099 alibi
442 2053 538 2116 plenius
550 2050 657 2099 additur.
675 2049 751 2115 Quod
796 2063 938 2114 corruptum
957 2064 1143 2116 corruperunt:
1162 2052 1222 2100 hinc
1242 2053 1314 2101 Gud.

237 2150 313 2198 quum
335 2131 493 2180 certissimum
517 2130 564 2186 sit3
589 2132 670 2178 «Non
694 2139 752 2178 suut
797 2131 1053 2180 arridere.Exeodem
1062 2149 1145 2196 comp.
1155 2131 1315 2192 muliorum,

236 2214 281 2261 ista
295 2231 324 2270 ι,
349 2209 400 2274 pari
421 2209 516 2272 elbpsi,
538 2208 669 2258 rectissime
690 2207 753 2272 poni
797 2225 827 2256 ea
835 2211 866 2257 de
875 2227 907 2260 re.
920 2211 968 2259 Erl.
980 2211 1066 2259 eadem
1075 2213 1228 2277 simpliciter.
1239 2211 1319 2274 Quod

237 2307 324 2356 posse.
349 2289 483 2338 necessario
507 2275 611 2350 cogitur.
636 2291 690 2336 Jam
714 2288 752 2344 si,
797 2289 1001 2354 placebit‚qnuru
1012 2308 1050 2338 rcs
1062 2292 1143 2340 statim
1156 2291 1319 2356 precesserit.

239 2393 252 2414 ι
263 2370 355 2420 luerint
368 2369 412 2416 ists
423 2389 445 2423 s,
457 2367 518 2415 bene
533 2377 583 2415 tum
597 2365 724 2422 diceretur,
734 2365 755 2413 si
799 2369 846 2416 Sed
856 2370 887 2416 ira
898 2371 1028 2434 sepissime
1039 2381 1133 2436 auctor.
1145 2371 1183 2419 Ct'.
1196 2372 1282 2418 Diviu.
1294 2372 1320 2430 Ι,

240 2473 254 2493 ι
268 2450 316 2508 ita,
336 2458 362 2494 ut
378 2446 463 2494 dixero
478 2469 505 2514 ι,
523 2446 628 2508 cogitare
648 2444 751 2492 licebit:
801 2449 844 2496 52.
856 2449 924 2498 Nihil
933 2450 1007 2512 igitur
1016 2449 1238 2514 mutemus‚idque
1245 2449 1324 2496 mui-

240 2529 306 2576 nulltt
321 2526 441 2576 dubitatio
454 2525 609 2588 relinquitur,
626 2535 691 2570 recle
706 2521 755 2571 dloi
801 2543 839 2576 me
854 2545 928 2592 quum
944 2530 981 2578 vel
995 2541 1077 2596 aperte
1090 2541 1212 2593 corrupta
1226 2529 1320 2577 lectio.

241 2633 254 2652 «
265 2627 306 2666 ea,
321 2610 341 2656 si
360 2623 410 2654 nou
429 2605 519 2654 luerint
530 2627 551 2653 ι.
570 2606 601 2651 G.
618 2631 654 2640 -
668 2605 757 2651 Totam
801 2623 844 2656 nes
856 2609 979 2656 veritatem
990 2608 1094 2672 vulgatae
1104 2618 1235 2656 testentur.
1249 2607 1282 2656 G.

242 2689 384 2738 sententiam
396 2686 469 2734 rertit
479 2684 596 2733 Castillon
608 2699 617 2730 :
632 2703 643 2725 ι
656 2684 691 2733 Ce
704 2698 757 2748 sys·
839 2700 879 2734 ια.
893 2687 1104 2750 Exspectatiouem
1115 2687 1171 2734 mei.
1182 2689 1263 2734 Wrat.
1274 2689 1322 2736 Dr.

242 2770 305 2820 time
316 2769 376 2815 u'est
386 2781 429 2830 pas
438 2763 469 2814 de
476 2763 542 2821 ruoi;
552 2773 589 2822 et,
598 2759 634 2809 s'il
645 2773 681 2811 est
691 2763 758 2826 faux,
802 2781 857 2814 curn
868 2766 920 2814 aliis
929 2766 1033 2816 aliorum
1046 2767 1085 2824 er',·
1096 2777 1124 2814 ut
1135 2783 1173 2815 res
1184 2766 1216 2814 ad
1230 2767 1322 2814 Antio·

240 2849 322 2912 j'airue
334 2847 417 2894 mieux
428 2842 478 2891 itte
489 2843 578 2890 vaincu
592 2853 616 2888 et
628 2841 757 2906 de'sshust,
802 2845 876 2893 chum
900 2846 1025 2896 referatur.
1054 2846 1103 2895 Sed
1127 2857 1246 2894 contexta
1273 2845 1324 2892 mei

244 2945 292 2994 que
309 2928 339 2976 de
359 2924 456 2973 raiucre
473 2937 505 2969 en
524 2922 676 2970 combuttaut
693 2938 758 2986 pour
802 2925 1143 2988 requirunt.utviditl)avis.
1155 2942 1321 2990 quamquam,

242 3009 342 3076 l'erreur
352 3029 376 3056 ·.
802 3015 830 3052 ut
843 3005 907 3052 idem
921 3006 961 3054 ille
974 3007 1039 3066 vult,
1053 3023 1151 3054 necesse
1165 3021 1215 3054 uon
1232 3007 1323 3063 luerit,

280 3106 306 3152 9.
327 3086 430 3152 Quidem
444 3100 516 3134 nunc.
531 3083 672 3132 Tironesh.
685 3081 705 3130 l.
720 3093 758 3130 te·
803 3095 831 3132 ut
847 3095 911 3142 tum,
921 3086 941 3132 si
960 3086 984 3134 ei
994 3087 1097 3142 valeret,
1113 3085 1254 3132 Antiochus
1269 3088 1324 3149 ipse

246 3180 335 3227 neunt,
350 3183 400 3216 nou
414 3163 515 3231 perinde
530 3181 594 3223 esse,
608 3165 661 3226 sic,
676 3179 707 3210 au
720 3177 760 3210 or·
803 3164 862 3212 huic
875 3165 980 3214 sermoni
995 3167 1109 3214 iuteresse
1122 3165 1254 3214 debuisset.
1274 3163 1323 3212 Sed

247 3248 304 3296 dine
323 3259 477 3302 transverso,
496 3261 562 3292 arene
579 3243 693 3308 quidem,
712 3241 761 3308 (ut
804 3255 907 3306 peccant
920 3243 1012 3309 ubique
1025 3245 1111 3294 scribae
1125 3245 1151 3292 in
1163 3245 1249 3307 geuitt.
1260 3244 1321 3300 mei,

247 3326 305 3374 alias
316 3326 465 3387 Frequentius
472 3323 511 3370 hte
520 3334 592 3386 partt.
600 3331 727 3371 struuntur
737 3319 759 3386 )‚
804 3324 842 3370 trn'
848 3357 855 3382 ‚
865 3326 904 3372 sui
909 3343 918 3381 ,·
931 3325 1004 3388 idque
1014 3327 1039 3374 h.
1052 3327 1069 3374 l.
1083 3341 1114 3374 eo
1125 3324 1221 3372 facilius
1232 3335 1324 3388 potue·

248 3403 374 3453 scribatur.
388 3403 432 3451 llla
448 3402 541 3449 ratione
554 3404 591 3450 vis
605 3401 724 3450 enuntiati
733 3401 760 3448 iu
805 3413 874 3462 runt,
886 3403 968 3452 eadem
980 3405 1049 3452 litera
1061 3404 1223 3469 praecedente.
1237 3407 1270 3452 G.

247 3483 424 3542 asseveratione
438 3482 553 3540 cernitur,
567 3483 637 3530 Brut.
655 3497 695 3541 17,
708 3481 743 3528 65
751 3494 759 3528 ι
845 3483 884 3531 ι3.
899 3484 1060 3532 Alexandriae
1070 3501 1116 3549 pro
1131 3495 1271 3547 queretur-e,
1285 3481 1324 3529 irr-

247 3573 405 3620 «oratorum,
421 3561 571 3626 quiquidem
584 3569 759 3608 annosum-t
807 3561 871 3626 quit,
893 3579 974 3610 essem.
997 3567 1089 3612 Verum
1112 3565 1199 3611 vitium
1224 3562 1325 3611 admisit

247 3643 307 3700 hac,
322 3643 348 3690 in
363 3642 477 3708 temporis
489 3643 630 3698 notatione,
646 3643 700 3689 Att.
711 3641 758 3698 vt,
805 3643 888 3691 Daris.
904 3659 979 3706 quum
994 3655 1105 3706 quaestor
1119 3659 1149 3690 ex
1172 3641 1245 3690 libris
1258 3643 1324 3702 suis,

247 3739 287 3787 ep.
302 3722 326 3772 5.
335 3745 347 3764 κ
356 3723 429 3770 Nunc
440 3721 540 3786 quidem
552 3720 665 3786 prolecto
675 3723 761 3768 Rome
805 3722 887 3770 nescio
897 3722 995 3786 quibus,
1002 3724 1133 3786 corrigeret
1144 3735 1151 3769 ε
1166 3737 1248 3784 neque
1259 3737 1325 3769 meo·

246 3819 272 3851 es
283 3825 303 3852 n.
320 3803 351 3852 G.
490 3844 496 3850 .
805 3815 859 3848 mm
873 3799 951 3848 codex
967 3800 1031 3848 ullus
1045 3803 1093 3850 hoc
1110 3800 1196 3848 vitium
1213 3815 1325 3848 commn-

286 3897 323 3930 10.
338 3879 482 3944 Labefacto.
501 3877 526 3945 ψ.
542 3890 565 3928 et
575 3880 646 3926 Vieu.
662 3878 689 3926 in
700 3895 761 3926 con·
805 3879 878 3928 nicat.
892 3881 991 3929 Certum
1001 3881 1066 3928 euim
1080 3892 1116 3928 est
1127 3879 1259 3928 Lucullum
1274 3895 1325 3928 nou

246 3962 352 4014 suetiore
363 3959 485 4024 participii
495 3957 758 4022 lormudabesactatn,
805 3959 886 4022 primo
911 3969 1039 4022 quaesturas
1070 3976 1151 4019 anuo,
1177 3959 1223 4006 sed
1251 3961 1325 4007 tertio

247 4050 361 4106 peccant3
372 4037 415 4086 secl
426 4037 466 4084 hic
477 4054 509 4086 ex
519 4038 677 4087 correctione.
691 4039 758 4088 Reli·
805 4039 959 4087 Alexandrite
971 4040 1060 4088 luisse:
1073 4039 1147 4103 igitur
1157 4054 1214 4086 rere
1226 4047 1252 4084 et
1264 4053 1326 4102 pro-

247 4121 291 4186 qui
299 4135 383 4167 omues
395 4116 519 4182 labefacta
530 4115 647 4180 praebent.
660 4121 692 4164 G.
804 4118 857 4181 prie
872 4129 922 4165 tum
933 4135 980 4182 pro
991 4130 1111 4182 quaestore
1124 4127 1190 4176 erat,
1205 4127 1236 4164 ut
1249 4133 1324 4180 supra
