2744 4684
264 359 335 447 aas
599 353 648 422 u.
675 355 713 432 r.
740 354 983 426 crcnnorns
1065 405 1068 412 .

263 478 484 574 reliquorum
518 471 736 559 mendaciis,
767 487 803 544 et
837 472 883 545 de
917 473 1047 563 sorite,
1078 490 1141 546 aut
1164 477 1326 576 pseudo·

263 590 417 661 meno⁴:
435 608 525 683 quas
539 582 659 680 plagas
672 583 742 679 ipsi
759 597 885 654 contra
901 607 939 655 se
951 585 1054 654 stoici
1068 581 1082 626 ⁵
1095 600 1300 660 texuerunt.

202 726 251 790 ¹48
311 703 402 768 Tum
429 693 625 765 Lucullus:
667 696 749 764 Non
775 692 944 780 moleste,
974 696 1111 790 inquit,
1135 694 1226 784 fero,
1257 724 1326 770 nos

264 809 339 880 haec
360 806 563 878 contulisse.
587 804 721 900 Saepius
752 803 849 873 enim
879 804 1152 900 congredientes
1179 831 1264 896 nos,
1289 789 1325 878 et

264 919 416 990 maxime
438 917 477 986 in
497 909 732 984 Tusculanis⁶
755 915 906 1000 nostris,
928 913 957 982 si
975 926 1077 1010 quae⁷
1095 913 1323 1012 videbuntur,

264 1029 501 1126 requiremus.
516 1065 565 1076 -
579 1023 746 1120 Optime,
774 1022 933 1118 inquam.
968 1021 1038 1093 Sed
1064 1021 1154 1119 quid
1178 1025 1324 1096 Catulus

264 1136 395 1210 sentit?
411 1132 500 1234 quid
516 1130 808 1204 Hortensiusl—
821 1134 912 1200 Tum
932 1132 1095 1205 Catulus:
1111 1136 1255 1231 Egone?
1272 1137 1323 1205 in·

265 1237 354 1346 quil.
382 1243 435 1316 Ad
458 1245 567 1342 patris
591 1239 758 1311 revolvor
777 1242 991 1310 sententiam
999 1233 1028 1328 ⁸,
1050 1265 1160 1337 qnam
1178 1242 1323 1340 quidem

264 1357 324 1428 ille
345 1351 585 1426 Carneadeam
603 1373 678 1422 esse
698 1345 858 1437 dicebat,
877 1364 918 1420 ut
937 1353 1074 1449 percipi
1093 1352 1185 1423 nihil
1203 1369 1321 1451 putem

265 1489 388 1567 posse;
409 1484 635 1534 assensurum
656 1472 776 1530 autem
800 1481 873 1527 non
895 1476 1087 1558 percepto,
1104 1460 1142 1532 id
1160 1477 1234 1548 est,
1252 1465 1323 1560 opi·

265 1583 463 1648 naturum⁹
483 1571 680 1668 sapientem
699 1567 918 1653 existimem,
937 1568 1000 1640 scd
1015 1571 1083 1658 ita,
1099 1586 1140 1642 ut
1155 1571 1322 1669 intelligat

266 1711 303 1758 se
321 1685 482 1783 opinari,
500 1683 660 1776 sciatque
681 1675 772 1747 nihil
791 1699 884 1763 esse,
902 1676 1001 1774 quod
1017 1679 1276 1778 comprehendi
1290 1695 1323 1752 et

265 1790 401 1888 percipi
415 1789 550 1887 possit:
566 1809 630 1884 per
643 1789 756 1878 ἐποχὴν
769 1779 867 1851 illam
877 1792 908 1825 ¹⁰
922 1787 1084 1856 omnium
1097 1809 1220 1858 rerum
1233 1811 1321 1858 corn·

301 2031 326 2078 4.
344 2021 382 2068 De
395 2018 468 2067 sorite
486 2029 510 2065 et
523 2017 685 2081 pseudomeno
702 2027 775 2076 snpra
816 2023 892 2062 verat.
905 2012 1069 2078 cogitandum
1085 2014 1160 2080 igitur
1175 2015 1207 2066 ed
1222 2017 1266 2064 ists
1278 2023 1321 2070 est.

266 2101 387 2157 diximus,
398 2097 429 2144 sd
443 2113 465 2143 c.
480 2112 523 2158 29.
538 2098 628 2143 Iterum
639 2093 775 2156 ablegamus
818 2113 831 2133 ι
840 2107 912 2156 quem
922 2091 974 2140 beri
986 2095 1089 2157 exposui
1099 2117 1120 2142 ιι.
1134 2098 1169 2144 G.

266 2178 297 2226 ad
313 2175 432 2224 eruditiss.
449 2173 588 2236 llottingeri
607 2183 657 2222 not.
676 2171 707 2219 ad
722 2170 775 2220 Cic.
853 2187 877 2233 9.
893 2171 1060 2235 Opinatuaum.
1072 2174 1138 2223 Gnd.
1152 2174 1320 2236 opinaturquo

266 2256 297 2305 de
308 2255 391 2302 Divin.
405 2253 450 2302 lib.
465 2255 502 2306 11.
518 2261 548 2311 t,
561 2269 586 2316 p.
605 2260 668 2314 174,
678 2267 728 2314 seq.
741 2251 775 2299 ll.
817 2259 917 2314 peccato
933 2266 1005 2314 eupre
1019 2261 1071 2314 24,
1089 2271 1130 2316 77,
1146 2254 1233 2319 scripti
1245 2267 1320 2302 ornnes

303 2335 326 2382 5.
342 2335 407 2394 Quas
414 2333 505 2396 plagae
516 2328 563 2392 ipsi
572 2341 658 2377 contra
669 2345 694 2376 se
704 2326 778 2375 Stoici
818 2329 1023 2379 contaminantur.
1042 2333 1073 2383 G.

266 2420 401 2460 temserunt.
420 2413 479 2457 liare
497 2408 560 2454 enim
578 2407 776 2471 syllogismorum
856 2423 895 2454 10.
914 2409 963 2454 Per
974 2407 1060 2474 ι’ποχὴν
1074 2409 1151 2459 illam.
1172 2413 1275 2459 Goerens
1286 2407 1319 2454 dat

266 2505 352 2554 genere
365 2489 441 2538 Stoici
455 2487 494 2535 vel
511 2488 669 2544 invenerunt,
683 2487 721 2536 vel
739 2488 776 2532 in·
813 2483 907 2550 pariter
921 2501 967 2548 pro
975 2503 1022 2548 per
1030 2507 1040 2544 ,-
1058 2505 1131 2552 quem
1143 2489 1282 2538 eudimus:
1296 2489 1319 2532 lu

265 2580 337 2618 venta
362 2568 437 2632 mergis
464 2565 631 2614 excoluerunt.
662 2563 776 2628 Inprimis
818 2573 855 2612 tot
879 2565 994 2612 Virorum
1017 2569 1156 2616 Doctorum
1186 2565 1319 2631 conjecturis
1356 2617 1357 2624 ἵ

266 2660 344 2697 antem
352 2648 378 2694 in
385 2644 630 2708 talibusChr-ysippus
637 2643 776 2706 ingeniosus
817 2657 863 2689 nos
881 2643 951 2689 etiam
969 2645 1104 2708 symbolam
1123 2659 1233 2696 nostram
1252 2645 1320 2694 attuli·

266 2726 564 2790 luit,quippeequoista
574 2725 622 2771 lere
632 2723 721 2770 omnis.
732 2723 776 2769 So·
817 2737 889 2782 runs,
905 2720 1007 2784 pariter,
1024 2723 1081 2772 loco
1097 2741 1153 2786 per,
1173 2726 1241 2790 quud
1260 2725 1319 2790 plane

266 2807 323 2854 rites
330 2805 427 2869 proprie
437 2803 716 2867 Chrysippeusvocstur.
727 2801 758 2848 G.
818 2803 879 2850 nihil
890 2811 942 2856 est,
953 2803 1109 2866 corrigentes.
1121 2805 1258 2868 Saepissime
1267 2801 1319 2850 euim

301 2885 327 2933 6.
341 2888 370 2931 In
382 2883 535 2931 Tusculanis.
549 2884 577 2929 ln
590 2879 647 2928 villa
660 2881 777 2943 cujusque
818 2883 845 2930 in
854 2865 979 2950 eoddffir
987 2899 1018 2930 ex
1026 2897 1106 2946 comp.
1111 2883 1211 2947 puriter
1217 2886 1318 2948 seriptum

266 2980 309 3012 sne
321 2963 392 3011 enrici
402 2965 501 3010 miscere
511 2960 626 3008 volebant
636 2959 776 3007 confabula-
818 2961 932 3010 vidimus.
944 2961 1073 3010 Meliorem
1087 2972 1152 3010 certe
1167 2962 1231 3012 hene
1240 2961 1318 3023 ludier

267 3043 346 3091 tiones
355 3041 464 3089 derebus
472 3039 659 3104 philosophicis.
674 3040 706 3086 ll.
818 3043 897 3090 vimus
919 3041 1034 3104 reliquis,
1059 3063 1071 3082 a
1085 3057 1196 3104 semper,
1219 3041 1320 3104 insuper,

303 3138 328 3182 7.
347 3120 375 3168 St'
384 3136 441 3184 quoe
453 3119 609 3166 uidebuntur.
623 3117 744 3179 vulgatur
756 3115 778 3163 εἰ
818 3134 936 3185 parumn:
947 3121 1068 3182 namqui
1079 3119 1196 3179 «etmel,
1208 3131 1318 3177 mett.-

267 3216 317 3263 qua
328 3218 337 3246 .·
349 3199 392 3246 sed
404 3215 487 3247 ornnes
497 3197 545 3245 mei
554 3213 610 3244 cnm
619 3197 682 3242 Ven.
695 3203 760 3258 1494
770 3227 778 3252 ,
820 3199 935 3260 suadent,
946 3209 1029 3263 optare
1040 3199 1128 3262 magis,
1142 3215 1216 3262 quern
1226 3199 1318 3261 judiam

268 3289 295 3326 ui
312 3277 444 3335 edidimus;
463 3288 536 3340 lique
551 3275 582 3324 ita
597 3277 732 3323 Prlscllnut
746 3275 778 3335 V,
821 3279 940 3328 videntur,
952 3279 1038 3342 Neque
1047 3294 1145 3326 movere
1157 3287 1181 3325 le
1190 3295 1278 3336 eorum,
1285 3273 1317 3339 qul

269 3373 294 3420 p.
309 3359 370 3416 162,
386 3359 438 3406 Bne.
451 3361 521 3405 unice
534 3368 598 3404 recte
610 3356 684 3403 scribi
696 3356 779 3421 perhi·
820 3359 952 3423 praeferunt
961 3373 1021 3415 nec,
1039 3367 1067 3405 ut
1075 3357 1185 3404 ihrneb.
1194 3367 1218 3404 et
1225 3363 1316 3422 perun.

268 3433 318 3482 bet.
333 3435 414 3496 atque
427 3435 460 3484 ite
474 3451 552 3500 nuper
564 3451 690 3484 correxere
699 3433 777 3482 Woll.
820 3447 849 3484 ut
859 3437 940 3484 Devis.
952 3434 1074 3483 dubitatio
1088 3434 1176 3493 debete
1187 3436 1275 3500 qnippe
1286 3429 1318 3495 qul

268 3513 342 3560 tuse.
355 3514 390 3570 V,
410 3515 440 3571 8,
458 3529 506 3573 22,
526 3524 551 3562 et
563 3513 778 3577 Mami-laguna
821 3515 926 3562 Eusebio
935 3511 1128 3578 anctore(rraep.
1138 3515 1184 3562 liv.
1195 3515 1265 3572 xlv,
1273 3529 1291 3559 e.
1299 3525 1315 3568 7·

229 3645 236 3656 1
269 3589 386 3646 Divv.V,
400 3606 430 3649 2,
444 3607 475 3649 2,
489 3592 549 3640 ibid.
563 3595 590 3650 8,
605 3593 634 3652 8,
652 3603 697 3642 etc.
712 3593 742 3642 G.
821 3591 929 3659 φαίνιται
961 3587 1078 3641 ἀδύνατον
1111 3584 1189 3652 εἶναι,
1213 3589 1316 3660 deiparu

306 3669 331 3717 θ.
353 3667 396 3715 Ad
407 3670 486 3732 patris
505 3671 609 3720 revolvor
625 3671 778 3720 sententium.
822 3670 892 3731 ὄντα,
907 3667 962 3738 περὶ
973 3667 1083 3719 ἁπάντων
1095 3669 1219 3735 inipetu),
1231 3677 1316 3734 negent·
1353 3703 1354 3710 .

268 3747 334 3798 uias
342 3756 457 3810 supret,
475 3765 518 3806 12,
531 3765 607 3813 uque
618 3749 671 3798 heri
679 3751 779 3799 Catulus
823 3750 969 3798 Carneadem
1000 3747 1086 3811 ἐποχὴν
1113 3765 1195 3796 rerum
1226 3747 1317 3796 omnium

270 3826 467 3873 commemoravit
478 3843 490 3873 s
503 3839 570 3891 petre
583 3843 628 3875 suo
644 3827 707 3876 dicre
722 3829 781 3876 Phi·
822 3827 981 3892 comprobare
989 3825 1318 3890 potuim2quumh.1.dee·

270 3905 322 3951 loni
332 3927 353 3952 ι.
367 3906 424 3966 Quo
435 3921 465 3952 ex
475 3905 532 3953 loeo
546 3906 609 3953 clare
619 3915 696 3970 petet,
706 3908 780 3954 Catu·
822 3909 903 3973 piente
915 3921 993 3954 sermo
1006 3907 1051 3963 sit,
1064 3921 1143 3968 neque
1155 3905 1187 3953 de
1198 3906 1289 3954 homine
1300 3899 1316 3944 tl

269 3981 478 4046 lumpriorelibro
487 3983 778 4034 exCerneadisseuteutia
821 4001 932 4034 sensuum
949 4000 1074 4049 oppresso.
1089 3982 1188 4031 Pariter
1200 3997 1276 4032 sutem
1288 3995 1317 4025 ft·

271 4070 353 4108 contra
363 4077 389 4109 ee
400 4059 545 4126 disputasse,
557 4075 612 4126 quae
622 4061 692 4111 Philo
704 4080 779 4112 nova·
821 4067 896 4114 fertur
921 4063 952 4112 sd
971 4061 1052 4128 patris
1075 4061 1228 4112 sententium.
1250 4057 1317 4112 Panto
