2762 4682
252 347 321 424 106
636 353 958 428 lrt‘rltonucrto.

250 475 364 562 spicua
381 494 448 539 non
466 473 549 558 sint,
562 475 828 567 pervestiganda:
846 497 961 545 omnes
979 473 1088 556 enim,
1108 495 1182 563 que
1198 472 1233 538 in
1250 473 1335 538 ani-

250 603 308 650 mo
330 581 396 649 sint
420 582 593 671 opiniones
615 600 713 671 atque
739 585 937 666 sententias,
964 605 1004 649 ex
1025 581 1187 648 evidentia
1209 598 1330 648 ortum

251 686 413 755 habuisse.
439 689 491 754 Sic
509 689 570 777 ipsi
594 690 746 778 Epicurei
766 715 805 758 ex
829 705 938 758 motus
959 689 1118 756 evidentia
1139 689 1331 777 comperire

249 791 313 856 sibi
325 791 478 860 videntur
493 816 631 860 vacuum
645 817 732 877 esse,
756 794 846 884 quod
859 793 991 862 evidens
1007 817 1073 860 non
1093 810 1164 858 est:
1184 793 1210 856 si
1231 791 1329 856 enim

249 898 362 986 emnia
377 899 569 987 corporibus
586 901 680 988 plena
698 917 822 983 cuent,
841 900 970 970 nullutn
987 923 1107 988 corpus
1123 914 1330 970 moveretur.

251 1005 329 1076 lieo
346 1003 388 1070 dc
407 1005 541 1094 Epicuri
554 1006 689 1086 judicio.
1085 1005 1093 1012 '

512 1215 530 1292 S
553 1212 612 1276 IX.
634 1211 684 1276 De
703 1211 890 1280 Potanwrtie
910 1217 1053 1286 criteric.

297 1410 348 1497 87.
367 1412 492 1480 Verum
509 1414 649 1480 accessio
668 1414 777 1480 adhuc
794 1415 853 1482 alia
870 1411 993 1504 reliqua
1013 1430 1070 1480 est.
1095 1411 1213 1478 Scribit
1234 1412 1328 1476 enirn

249 1518 393 1584 Laertius
412 1519 474 1610 (t),
491 1521 548 1610 qui
567 1521 648 1586 mihi
662 1520 749 1588 baud
762 1523 918 1610 antiquus
935 1522 1074 1612 scriptor
1086 1519 1235 1602 ridetur,
1253 1541 1327 1582 non

249 1625 356 1692 multo
367 1642 442 1694 ante
451 1649 543 1697 suane
558 1643 683 1696 etatem
697 1644 842 1718 ternpore
858 1646 1001 1694 exortam
1014 1649 1132 1696 noram
1146 1624 1327 1714 quamdam

249 1729 521 1820 philosophorum
547 1724 688 1815 sectam,
718 1734 897 1802 Potamone
927 1731 1069 1824 quodam
1104 1729 1328 1799 Abxandrino

251 1853 401 1920 auctore,
426 1844 498 1924 qliae
526 1849 674 1914 ltitxttxti,
690 1838 725 1905 id
742 1857 808 1918 est,
824 1839 992 1924 seductrix,
1011 1837 1111 1902 licerit
1126 1851 1327 1923 nuncupata.

250 1941 312 2006 Hic
326 1943 414 2008 enim
431 1943 568 2010 Potamo
582 1944 709 2016 nullum
720 1965 755 2008 se
768 1965 892 2012 norum
907 1944 1075 2011 decretum
1088 1955 1228 2010 statuere
1242 1938 1328 2004 velle

251 2047 489 2134 profitebatur,
518 2049 574 2114 sed
601 2050 686 2116 inter
710 2050 842 2137 antiqua
874 2067 1021 2117 veterum
1050 2047 1326 2137 pbilosophorum

251 2151 384 2240 placita,
398 2155 558 2242 quassatis
570 2156 670 2218 multa
679 2155 745 2234 jam
757 2171 880 2237 essent,
897 2156 1018 2244 optima
1035 2175 1173 2242 quaeque
1182 2151 1327 2220 tenenda

252 2257 396 2346 seligere,
414 2261 512 2326 Hunc
526 2261 624 2349 igitur
642 2261 677 2324 in
688 2259 790 2340 libro,
807 2261 860 2326 cui
875 2270 1024 2342 ςοιχιίωσιν,
1038 2259 1072 2324 id
1086 2257 1327 2341 est,elcmenta·

253 2383 317 2428 rem
335 2362 553 2448 traditionem,
569 2385 690 2430 nornen
713 2363 843 2447 fecerit,
863 2367 1027 2455 scripsisse
1039 2364 1184 2432 Laertius
1193 2363 1296 2428 refert
1316 2385 1325 2425 :

255 2467 442 2550 Crt'terium,
471 2471 561 2559 quod
577 2469 717 2552 judicet,
743 2491 812 2536 esse
828 2483 857 2536 τὸ
873 2483 1032 2556 tripondes,
1059 2470 1092 2537 id
1114 2484 1183 2550 est,
1205 2468 1327 2556 princi·

251 2597 328 2662 pem
345 2576 379 2642 in
397 2577 507 2642 animo
528 2595 669 2666 partem3
697 2599 764 2663 quo
779 2595 889 2646 autem
913 2579 977 2644 boc
1002 2578 1040 2642 in
1056 2573 1235 2658 judicando
1251 2591 1326 2638 uta·

250 2695 321 2766 Aur,
344 2691 387 2750 τὴν
400 2691 563 2764 ἀιφιΰιςάτην
577 2696 731 2762 φαντασίαν,
751 2684 784 2750 ld
796 2703 864 2768 esi,
881 2684 1118 2750 exactissimum
1134 2697 1165 2746 el
1182 2681 1324 2744 maxime

251 2790 468 2854 examinatum
485 2791 601 2855 visum.
619 2794 704 2859 Sunt
719 2817 812 2885 ergo,
831 2809 869 2858 ut
884 2791 1031 2871 videtur,
1049 2787 1237 2879 philosophi
1255 2787 1325 2850 Do·

249 2889 396 2980 gmatiei,
410 2917 478 2961 non
493 2896 642 2984 Sceptiei.
657 2897 779 2964 Selecta
793 2898 880 2964 eninr
893 2895 946 2962 illa
960 2894 1109 2985 dogmata
1122 2891 1324 2982 approbant,

251 3013 285 3063 et
302 3002 553 3089 comprehensa,
577 3027 647 3070 non
667 3006 845 3092 probabilia
864 3005 990 3084 solum,
1008 3017 1135 3091 putant.
1154 2998 1323 3065 Dilierunt

251 3105 348 3172 etiarn
362 3106 404 3176 ab
421 3107 641 3193 Academicis,
665 3111 757 3199 quod
773 3112 845 3192 isti,
864 3109 993 3174 semela
1010 3109 1190 3177 Polemone
1202 3102 1319 3168 selecta

251 3208 397 3294 decreta,
414 3217 557 3292 tenuisse
568 3239 684 3284 omnes
694 3217 868 3284 videantur
877 3239 885 3280 :
895 3213 1095 3294 Academici,
1107 3211 1247 3300 quisque
1258 3209 1319 3274 sibi

253 3314 426 3403 eligebant,
439 3322 712 3387 autinveniebant
721 3345 793 3410 quse
805 3322 978 3410 placerent,
988 3343 1049 3386 nec
1062 3341 1134 3406 quae
1148 3313 1318 3395 Carneadi,

253 3422 408 3487 omnibus
424 3422 575 3514 deinceps
592 3428 771 3515 probabilia
786 3411 989 3494 ridebantur.

251 3598 256 3606 ,
297 3527 349 3602 88.
368 3529 425 3594 llae
441 3531 508 3595 lere
523 3549 600 3602 cunt
610 3535 760 3598 omnium
774 3551 848 3624 post
864 3535 1029 3598 Socratem
1045 3527 1316 3618 philosophorum

251 3630 293 3708 de
308 3633 450 3706 veritatis
464 3635 604 3722 judicio,
629 3640 721 3728 quod
737 3663 841 3708 unum
858 3664 898 3714 ex
916 3639 1046 3706 duobus
1063 3637 1097 3701 iu
1116 3633 1316 3724 philosophia

250 3739 432 3814 maximnm
445 3741 491 3830 (e)
504 3765 572 3812 esse
598 3745 712 3812 Cicero
728 3745 775 3835 (3)
794 3745 922 3827 scribit,
939 3743 1115 3811 sententie.
1133 3743 1241 3830 Atque
1251 3739 1316 3804 bate

288 3915 327 3983 (t)
339 3917 454 3968 Eclecticl
467 3919 584 3970 adfinem
597 3925 728 3988 protemii,
746 3925 792 3975 lib.
803 3927 829 3984 1,
841 3935 901 3974 sect.
911 3940 953 3974 at.

286 4005 326 4070 (r)
344 4007 425 4056 Editio
438 4009 531 4072 prima,
544 4012 683 4071 iunximus,-
696 4013 772 4062 editio
784 4011 876 4061 Oliveti
885 4047 893 4072 ,
901 4010 1042 4060 maneb:

286 4093 325 4158 (3)
344 4098 372 4143 ln
383 4097 496 4146 Lucullo.
