2776 4688
258 379 307 464 64
622 379 953 452 INTRODUCTIO.

255 505 403 578 interest,
422 521 524 588 quum
545 498 625 564 nihil
644 501 686 565 sit
708 523 776 590 qno
796 523 849 566 eas
864 500 906 565 ab
923 497 1063 564 invicem
1077 495 1331 589 dignoscamus,

254 623 313 673 aut
328 623 439 673 notam
455 605 541 671 illam
558 629 623 694 qua
638 605 814 689 differunt,
837 606 937 672 Stoici
952 603 1107 671 indicent.
1127 606 1236 688 Quam
1253 607 1331 695 qui-

255 713 331 778 dem
342 703 465 776 nullam
477 727 677 801 compertam
691 711 752 776 illis
769 735 855 794 esse,
874 709 1020 800 nihilque
1037 705 1084 799 (t)
1100 712 1145 776 ita
1160 711 1195 775 in
1208 711 1331 790 animis

256 819 376 885 nostris
393 806 512 907 signari
528 840 546 882 a
562 837 640 882 vero
657 841 767 910 posse,
785 817 874 910 quod
890 839 958 882 non
974 816 1091 882 eodem
1107 816 1207 883 modo
1223 818 1332 904 possit

256 949 276 990 a
295 925 391 1006 falso,
406 924 610 1006 Antiochus,
633 922 714 989 dum
732 923 842 990 adhuc
858 921 1065 990 Academiam
1082 939 1332 1013 propugnaret,

258 1053 297 1094 ex
312 1030 460 1118 Dionysii
481 1029 699 1113 Heracleote,
718 1029 775 1118 qui
793 1029 837 1094 ob
858 1030 922 1094 hoc
937 1029 1182 1094 Metatdemsnos
1199 1043 1249 1092 est
1271 1051 1333 1092 oo·

255 1137 484 1226 gnominatus,
503 1153 702 1202 commutata
719 1137 897 1220 sententia,
914 1135 1053 1224 probare
1068 1135 1129 1200 sibi
1143 1135 1332 1200 videbatur.

258 1243 324 1326 Qui
340 1243 428 1306 enirn
442 1241 489 1324 is,
508 1242 535 1305 si
551 1257 637 1306 certe
650 1240 704 1305 illa
722 1257 800 1306 nota
814 1240 894 1306 dum
914 1241 1040 1308 Stoicus
1053 1240 1133 1323 fuit,
1150 1257 1280 1306 cernua
1299 1257 1334 1305 et

256 1347 529 1435 comprehensum
535 1347 701 1411 habuisset
708 1345 809 1412 solum
819 1346 982 1411 boneswm
991 1331 1187 1427 essebonum,
1204 1361 1333 1434 postea,

258 1451 430 1516 oculorum
443 1447 556 1514 dolore
569 1467 718 1533 vexatus,
734 1449 775 1516 ad
792 1452 1044 1539 Cyrenaicorum
1061 1450 1116 1539 (ut
1130 1450 1277 1514 Iaeruus
1296 1449 1332 1512 iu

259 1559 393 1622 Zenone
412 1555 458 1645 (a)
474 1556 628 1644 scribit),
642 1558 693 1622 vel
707 1557 749 1622 ad
765 1557 897 1645 Epicuri
914 1555 926 1645 (
940 1573 979 1622 ut
996 1557 1110 1622 Cicero
1125 1553 1197 1644 (3))
1218 1571 1335 1643 partes

256 1663 432 1728 transiret?
448 1661 512 1728 Sed
530 1662 617 1729 idem
640 1663 824 1728 Antiochus
839 1686 859 1726 a
874 1685 958 1728 nora
982 1663 1017 1726 in
1039 1677 1180 1727 veterem
1201 1661 1335 1726 Acade·

257 1769 378 1851 miam,
394 1784 433 1834 ut
447 1769 516 1859 ipse
530 1767 675 1850 dicebat,
691 1769 758 1832 sive
775 1769 885 1858 potius
899 1767 941 1832 ad
953 1768 1064 1833 Stoam
1075 1767 1234 1856 migrans,
1251 1767 1336 1830 fecit

256 1891 295 1939 ut
310 1873 396 1938 idem
415 1890 645 1963 argumentum
662 1872 816 1938 adversus
834 1895 912 1937 euru
928 1873 1062 1938 cuilibet
1078 1895 1206 1937 sumere
1221 1872 1334 1936 liceat.

258 1979 363 2044 lllulta
380 2001 458 2068 ergo
475 1978 661 2044 Academici
676 2001 737 2067 pro
748 2001 808 2042 sua
820 1977 881 2044 hac
896 1978 1101 2068 Acatalepsias
1112 1979 1238 2043 ratione
1254 1999 1336 2063 con·

259 2100 378 2173 gerunt
394 2101 600 2171 argumenta,
618 2085 767 2149 sensibus
784 2085 969 2172 rationique
986 2083 1212 2149 auctoritatem
1222 2082 1336 2148 detta·

258 2189 387 2270 bentia,
401 2211 542 2276 quorum
554 2189 659 2276 aliqua
673 2191 892 2254 Tertullianus
905 2188 951 2277 (4)
964 2205 997 2254 et
1012 2191 1053 2254 D.
1064 2189 1269 2278 Augustinus
1284 2189 1337 2277 (5)

186 2331 195 2338 -
257 2294 495 2378 retulerunt,et
505 2293 628 2358 solvere
639 2316 673 2359 se
685 2293 832 2360 credunt
844 2294 1035 2360 Afferebant
1046 2293 1274 2360 similitudines
1283 2295 1337 2384 (6)

260 2419 416 2477 ovorum,
435 2397 647 2486 capillorum,
673 2397 903 2487 geminorum,
931 2399 997 2462 visa
1019 2398 1270 2482 somniantituu,
1301 2417 1338 2464 et

260 2503 473 2586 furiosorum,
490 2520 523 2569 et
537 2501 584 2591 (7)
603 2503 763 2584 ejusmodi
787 2505 856 2568 alia.
876 2503 1061 2570 Aristonem
1081 2504 1247 2588 Stoicum,
1273 2507 1337 2593 qui

258 2606 404 2676 Stoicum
421 2607 539 2699 dogma
552 2607 653 2692 illud,
668 2609 764 2676 Nihil
779 2613 986 2698 opinaturum
1008 2610 1203 2698 Sapientem,
1228 2611 1337 2676 rehe-

259 2732 385 2782 menter
400 2713 649 2782 commendabat
669 2732 702 2781 et
721 2715 938 2800 defendebat,
963 2719 1010 2782 sic
1027 2740 1046 2782 a
1065 2718 1192 2782 Perseo
1208 2739 1245 2782 re
1261 2717 1337 2806 ipsa

259 2823 444 2888 convictum
458 2821 615 2886 tradunt:
632 2822 756 2888 curavit
774 2817 930 2888 enim'bie
945 2839 984 2888 ut
999 2845 1040 2888 ex
1054 2822 1185 2889 duobus
1204 2823 1338 2888 similli-

259 2927 320 2992 mis
334 2927 471 3015 geminis
482 2927 636 2992 fratribus
652 2928 732 2993 alter
747 2928 919 3017 pecuniam
932 2928 1020 3018 opud
1030 2930 1216 2996 Aristonem
1232 2927 1338 3018 depo·

260 3047 368 3114 neret,
383 3032 464 3096 alter
478 3047 656 3119 repeteret,
680 3055 780 3121 quarn
790 3033 917 3116 Aristo,
933 3033 1143 3100 similitudine
1154 3033 1336 3124 deceptus,

292 3283 331 3350 (r)
349 3285 504 3346 Inbucullo,
516 3303 572 3352 cap.
590 3303 632 3338 aa.

294 3371 334 3440 (a)
345 3375 511 3437 musaeu
522 3375 761 3438 annuntium,
777 3389 837 3431 sset.
850 3381 900 3430 tdd
914 3391 939 3430 st
955 3383 1015 3444 167.

294 3457 334 3526 (3)
352 3461 509 3521 lnLucullo,
523 3479 578 3530 sap.
593 3481 637 3514 aa.

243 3601 249 3612 ἱ
295 3546 335 3616 (t)
352 3549 390 3596 De
403 3548 500 3611 anima,
514 3566 569 3616 sap.
582 3568 624 3616 ιγ,
641 3567 698 3618 pag.
712 3553 764 3616 ²7⁵
773 3555 869 3616 staro.

296 3635 334 3702 (5)
352 3635 456 3686 Adsero.
465 3638 542 3686 Acad.
554 3639 598 3689 lib.
607 3644 655 3703 111,
669 3652 731 3691 totu.
742 3645 763 3691 1.

296 3729 334 3799 (6)
352 3733 390 3780 Ex
409 3731 457 3780 boo
484 3733 639 3800 Hermagora
659 3737 737 3786 Stoici
754 3737 810 3810 πιρὶ
827 3742 952 3810 coeteris,
966 3741 1025 3812 πρὸς
1045 3743 1101 3804 τοὺς
1116 3731 1334 3815 Aminneam,

261 3819 359 3884 dialogo
371 3820 457 3870 titulos
469 3821 545 3870 fretus
562 3813 700 3888 ἡοσκοπίιι,
712 3824 738 3874 id
760 3837 812 3888 est,
825 3829 935 3878 Οιοιιιιιι
953 3829 1092 3896 inspectio,
1105 3831 1157 3882 sire
1173 3837 1333 3886 mulnario.

262 3909 358 3958 Sutoas

298 3996 337 4065 (7)
349 3994 414 4044 vu·
430 3996 463 4046 n.
479 3997 657 4062 trinonymum
678 4000 709 4050 ιι
727 4003 865 4053 emmer.
877 4004 908 4056 a
923 3985 1028 4058 emo.
1041 4007 1149 4059 ιοιιιι.
1159 4019 1209 4059 ιιι.
1224 4009 1256 4058 ιι
1274 4009 1333 4060 run

263 4082 351 4144 finem,
361 4098 416 4149 pag.
428 4083 492 4148 329,
504 4093 565 4136 torn.
576 4086 620 4134 tv.
