2744 4684
250 321 320 413 472
607 319 950 391 PROLEGOMENA

248 462 334 505 marn
355 439 560 527 perferretur.
580 441 680 524 Quod
705 459 812 506 alitem
838 443 873 505 in
896 438 1041 504 secundo
1056 438 1120 527 (ι),
1146 451 1265 527 quarto
1281 456 1312 504 et

249 561 338 608 sexto
358 543 531 636 Paradoxo
547 567 588 610 nc
613 547 745 610 nomine
769 544 900 633 quidem
924 543 1119 634 appellatum
1144 544 1312 626 Clodium,
1360 585 1361 594 κ

248 650 298 714 rel
317 651 465 714 Crassum
483 651 674 739 alloquitur,
688 650 745 716 sed
761 652 884 738 aliquos
900 651 941 715 ad
957 652 1094 714 istorum
1110 649 1310 714 facinoroso·
1360 671 1361 680 ¹

248 779 321 820 rum
334 755 577 820 similitudinem
595 779 761 845 expressos
773 755 865 846 lingit
881 755 1077 844 eosdemque
1093 755 1310 837 adversarios,

248 885 391 951 quorum
409 877 572 948 tamquam
591 862 797 950 praesentium
815 862 1010 950 perstringat
1031 861 1231 948 nequitiam3
1249 861 1310 924 boc

246 968 352 1055 ipsum
375 981 432 1030 aut
455 967 610 1054 suspicari
628 967 739 1048 jubet,
756 968 945 1032 Ciceronem
963 966 1050 1048 haee,
1069 966 1177 1055 impiis
1197 965 1250 1030 his
1264 966 1308 1030 vi-

246 1073 412 1154 ventibus,
428 1071 485 1136 sed
504 1073 631 1137 'cautius
649 1072 884 1155 declamitasse,
901 1090 975 1150 aut,
1002 1072 1029 1136 si
1051 1071 1210 1152 mortuis,
1234 1071 1309 1134 nihil

245 1201 340 1272 posse
356 1202 397 1244 ex
409 1180 545 1244 istorum
560 1180 732 1244 hominum
748 1179 964 1268 descriptione
976 1193 1008 1243 et
1024 1177 1173 1243 simulata
1189 1179 1308 1243 allocu-

246 1286 333 1350 tione
351 1285 393 1350 ad
409 1285 581 1374 temporis,
596 1308 662 1373 quo
676 1286 856 1374 scripserit,
870 1284 1091 1354 definitionem
1108 1285 1250 1375 exquiri.
1268 1285 1308 1348 ll·

242 1390 301 1457 lud
321 1392 348 1456 si
364 1413 478 1455 verum
495 1406 563 1472 est,
587 1415 653 1456 non
676 1415 752 1456 sane
776 1391 920 1480 intelligo
936 1391 1095 1479 primurn,
1116 1413 1177 1454 cur
1203 1391 1260 1454 irae
1276 1393 1307 1454 in

243 1497 339 1578 istos,
365 1495 444 1560 dum
465 1497 623 1578 viverent,
647 1495 886 1577 satisfacturus,
909 1495 1023 1559 exilem
1046 1495 1132 1558 hunc
1150 1494 1307 1560 Paradoxi

243 1602 521 1691 opportunitatem
535 1602 731 1689 quaesiverit,
743 1602 795 1665 rel
811 1600 1057 1689 exspectaverit,
1073 1601 1167 1688 quasi
1183 1601 1307 1665 Stoico-

241 1731 315 1782 rum
330 1707 464 1772 demum
481 1710 678 1797 argumentis
692 1707 841 1772 convinci
854 1723 941 1770 tanta
955 1707 1073 1770 scelera
1086 1723 1226 1794 possent
1236 1757 1245 1790 ,
1254 1723 1319 1794 aut¹

242 1815 368 1904 gravius
385 1814 492 1878 notari
507 1811 594 1903 apud
607 1811 906 1901 prudentissimoss
923 1811 942 1876 3
958 1811 1141 1900 loquendo,
1158 1837 1260 1900 quam
1273 1815 1303 1876 in

241 1921 331 2001 loro,
342 1919 368 1984 si
381 1933 544 1984 accusaret
556 1919 707 2000 Pisones,
717 1935 774 1982 aut
792 1916 978 1982 defenderet
990 1917 1134 2001 Sextios,
1148 1918 1304 2000 Milones,

240 2025 281 2088 sl.
294 2025 420 2089 Deinde
436 2025 493 2112 qui
509 2024 685 2088 sexcenties
700 2024 733 2087 in
749 2023 798 2088 his
815 2022 892 2110 ipsis
908 2022 1111 2087 orationibus
1124 2023 1191 2087 vivi
1203 2023 1303 2088 Clodii

240 2153 347 2210 nunc,
365 2153 454 2194 nunc
470 2151 581 2194 recens
599 2128 697 2192 occisi
714 2127 848 2209 scelera,
865 2127 957 2191 nullo
973 2129 1120 2192 factionis
1138 2145 1232 2192 metu
1248 2147 1304 2194 ter

236 2235 335 2315 ritus,
354 2233 536 2323 gravissime
554 2232 772 2321 descripserit,
794 2233 956 2315 Catilinas,
984 2233 1127 2316 Pisonis,
1151 2234 1302 2314 Gabinii,

239 2339 375 2404 aliorum
387 2337 604 2425 turpitudines
615 2337 838 2417 acerbissime,
852 2337 1089 2425 clarissimaque
1099 2361 1180 2403 voce
1191 2357 1302 2404 notare

238 2467 335 2509 ausus
355 2443 413 2524 sit,
433 2443 523 2507 hunc
544 2441 712 2506 credamus
735 2441 975 2508 Paradoxorum
991 2443 1130 2508 formam
1151 2445 1299 2530 elegisse,

235 2725 263 2778 iu
274 2735 371 2788 nostre
382 2723 486 2777 Senecse
495 2720 649 2794 Philosophi
661 2719 783 2782 editionis
796 2723 882 2776 fronte
893 2721 1027 2794 dedimus)
1037 2723 1156 2797 exposita
1164 2764 1173 2790 ,
1182 2725 1233 2778 lib.
1244 2726 1297 2786 ΠΙ,

236 2808 343 2865 Dissert.
355 2808 396 2870 11,
409 2825 457 2861 ιιι
472 2825 525 2878 seq.
538 2817 563 2858 et
580 2805 670 2858 multis
680 2818 797 2860 veterum
811 2817 949 2860 suetorum
959 2807 1025 2860 locis
1033 2807 1191 2861 confirmata
1203 2820 1297 2862 autex-

236 2892 344 2966 plicsts.
356 2890 484 2943 Prseteree
495 2887 550 2942 duo
560 2889 611 2940 viri
624 2887 695 2942 docti
713 2908 799 2961 operte
816 2891 931 2962 pretium
942 2910 996 2944 csse
1009 2891 1145 2945 duxerunt
1159 2891 1205 2944 illa
1220 2893 1295 2946 Pare-

235 2975 322 3038 doxs,
337 2991 396 3045 quse
413 2973 507 3027 Cicero
528 2973 636 3028 nonnisi
656 2977 740 3026 ludens
760 2978 900 3043 conjecerat
911 2978 937 3026 iu
950 2995 1089 3028 cominuuss
1103 2980 1183 3038 locos.
1205 2988 1235 3035 ut
1245 2978 1297 3046 ipse

233 3059 366 3120 declaret,
380 3070 407 3110 et
421 3076 481 3129 quss
494 3057 550 3128 ipsc
563 3057 590 3110 in
603 3057 660 3112 aliis
673 3057 746 3110 libris
758 3059 953 3124 confutaverat,
969 3059 1124 3131 specialibus
1140 3059 1297 3114 dissertatio·

233 3143 313 3196 nibus
330 3140 469 3195 refellere:
485 3161 585 3213 nempe
603 3141 680 3194 Vltus
704 3141 853 3198 Amerbacb
871 3155 898 3196 et
920 3143 1051 3195 Antonius
1070 3143 1236 3216 ldsioragio,
1252 3143 1295 3214 qui

232 3221 427 3294 Ann'psiradoaea
440 3238 666 3298 composuerunt,
684 3226 758 3297 prior
769 3226 935 3298 Argentorati
951 3224 1029 3292 1541,
1045 3225 1175 3298 posterior
1187 3226 1294 3299 Lugdu·

235 3309 262 3360 ni
277 3311 354 3374 1546.
365 3309 416 3370 Eo,

267 3413 306 3480 (r)
331 3411 364 3462 In
386 3411 504 3466 secundo
526 3411 623 3467 Pseud.
650 3411 788 3466 Scbiitzius
810 3411 937 3465 Clodium
960 3422 1081 3464 notatum
1104 3409 1294 3484 deprehenditt

231 3493 358 3545 Erasmus
370 3504 395 3546 et
403 3497 552 3550 Wetzelius
565 3496 718 3550 Antonium.
732 3499 817 3567 Atque
829 3495 978 3560 Betuleius,
991 3497 1007 3562 s
1020 3513 1060 3564 17,
1070 3493 1104 3547 ad
1114 3495 1195 3548 verbe
1207 3515 1260 3547 esus
1269 3509 1294 3544 ιι

230 3578 351 3630 bominem
372 3575 430 3630 hec
451 3577 540 3632 adnot.
563 3605 574 3626 ι
590 3580 659 3633 Hinc
674 3579 784 3650 colligo,
805 3577 938 3632 Parsdoxn
956 3589 1017 3651 post
1037 3577 1202 3650 Philippicas
1216 3579 1293 3631 fuisse

229 3661 343 3732 scripta,
359 3671 467 3732 propter
479 3681 543 3734 ques
557 3664 684 3716 Antonius
695 3662 816 3717 Ciceroni
824 3681 915 3716 necem
928 3663 1041 3714 minatus
1051 3672 1090 3714 est
1099 3661 1171 3730 (rid.
1179 3661 1247 3714 Phil.
1257 3663 1292 3722 V,

230 3751 279 3817 7),
289 3756 315 3798 et
325 3742 430 3797 tandem
441 3745 528 3807 etiam,
537 3747 702 3800 occasionem
713 3758 815 3811 nectus,
822 3745 937 3799 intulit».
948 3743 1115 3797 Probabilius
1123 3745 1159 3798 ed
1170 3743 1292 3798 eumdem

228 3821 279 3884 loc.
294 3827 399 3902 Sylvius
408 3845 416 3880 ε
425 3853 440 3875 -ι
452 3827 524 3891 Hoc,
540 3829 646 3900 inquit,
662 3829 695 3884 ad
706 3831 742 3883 M.
752 3829 895 3883 Antonium
909 3830 1100 3902 referripotsst
1110 3866 1118 3888 ,
1130 3841 1161 3881 ut
1173 3826 1290 3881 nonnulli

228 3925 332 3985 putant.
351 3910 402 3968 sed
414 3929 496 3984 quum
510 3912 539 3964 in
553 3931 707 3970 communes
720 3913 791 3968 locos
803 3913 860 3971 hac
873 3912 1005 3970 Paridon
1020 3911 1116 3967 Cicero
1128 3909 1288 3985 conjecerit,

227 3997 393 4050 verisimilius
406 4006 444 4049 est
456 4013 603 4051 sermonem
617 3995 751 4056 infinitum
764 4013 837 4060 esse,
851 3995 878 4050 id
891 4009 930 4052 est
940 3995 989 4062 ,sd
1002 3995 1103 4050 nullam
1116 4006 1217 4048 certam
1231 4011 1288 4066 per·

228 4095 318 4131 summ
329 4089 354 4131 et
367 4077 501 4131 delicium
515 4075 658 4143 directum,
671 4077 717 4134 sed
727 4077 760 4132 ad
771 4080 914 4151 quemlibet
926 4103 946 4132 n.
