2786 4674
533 347 722 418 TIMAEUS.
782 405 785 415 .
1083 349 1150 421 bat

91 485 312 551 componuntur
330 469 444 542 omnia,
464 480 596 547 penetrat
614 468 793 545 transilitque
814 489 903 548 usque
923 470 1014 542 aden,
1032 484 1065 530 ut
1083 472 1155 532 nibil

93 567 192 644 ipsum
209 567 302 622 valeat
315 561 469 621 cohibere:
483 560 561 618 idem
572 580 688 638 quoque
701 564 737 618 dc
750 574 849 620 nostru
861 577 944 622 utero
955 564 1156 642 cogitandum:

92 679 201 737 nempe
214 657 295 716 cibos
313 669 342 714 et
364 667 450 734 potus
475 653 601 730 ingestos
623 653 744 722 retinet,
766 654 898 731 spiritum
919 675 990 714 vero
1004 670 1033 715 et
1046 657 1158 736 ignem,

92 751 166 824 quia
182 749 243 825 ejus
257 746 468 826 compositione
483 744 628 803 tenuiores
644 758 711 803 sunt
720 762 733 815 ,'
744 744 888 804 demorari
901 767 960 805 non
973 761 1087 826 potest:
1113 750 1158 810 his
1203 809 1205 814 ,

94 841 187 918 igitur
196 859 266 898 usus
280 853 322 898 est
341 843 421 897 Deus
438 837 475 895 ad
497 837 693 914 irrigationem
711 827 749 896 ab
764 851 846 896 utero
861 839 892 896 in
905 855 993 897 venas
1007 841 1159 917 perficiem

92 932 164 990 dam
180 955 187 990 :
205 944 266 990 rete
276 931 352 990 enirn
365 929 512 1008 quoddam
524 949 561 987 ex
574 947 640 987 aere
653 943 740 1007 atque
753 930 818 1006 igne
831 917 1062 1010 instar‘gibbosae
1076 953 1158 1013 sage-
1230 1003 1234 1012 ,

94 1045 142 1082 nae
155 1023 321 1082 contexuit:
340 1022 391 1081 ubi
413 1022 473 1081 duo
498 1035 564 1080 sunt
583 1020 620 1081 nd
640 1021 735 1100 ipsum
750 1021 902 1081 introitum
916 1024 997 1102 gibbi
1011 1045 1138 1084 convexa
1151 1049 1158 1082 r

92 1135 222 1193 quorum
237 1117 360 1174 alterum
371 1112 503 1173 bifariam
516 1111 587 1172 bino
600 1115 686 1192 pulsu
697 1113 803 1172 iterum
817 1114 990 1192 implicavit,
1002 1128 1031 1174 et
1042 1115 1078 1174 ab
1089 1117 1160 1194 ipsis

92 1206 180 1285 gibbi
193 1207 329 1265 convexis
343 1205 432 1264 veluti
453 1205 536 1264 funes
560 1224 614 1284 per
635 1216 728 1264 totum
748 1225 855 1284 corpus
869 1227 961 1284 usque
981 1207 1018 1266 ad
1041 1220 1162 1267 texturae

94 1301 176 1358 illins
192 1305 324 1357 extrema*
337 1296 589 1357 circumteteudit:
602 1296 741 1355 interiora
761 1297 851 1377 igitur
871 1298 960 1377 ipsius
976 1299 1054 1357 tricae
1067 1300 1163 1358 omnia

93 1413 133 1450 ex
149 1393 216 1470 igne
230 1392 410 1471 composuit,
427 1409 556 1450 convexa
568 1409 638 1448 vero
653 1403 683 1448 et
697 1392 909 1469 receptaculum
921 1392 1015 1470 ipsum
1030 1411 1065 1450 ex
1076 1411 1159 1451 aere:

94 1485 216 1544 deinum
236 1484 297 1542 brec
317 1503 463 1543 assumens
489 1483 518 1540 in
539 1483 655 1541 animali
675 1484 814 1556 formato,
828 1483 884 1542 boc
899 1497 985 1563 pacto
999 1484 1160 1562 disposuit:

95 1596 227 1636 convexa
249 1575 366 1654 quidem
387 1576 417 1633 in
433 1595 466 1633 os
483 1574 615 1634 demisit:
630 1596 719 1653 quum
734 1595 803 1634 vero
817 1597 978 1635 convexum
992 1575 1162 1654 gibbosum-

94 1690 156 1747 que
169 1669 206 1727 sit
217 1669 344 1747 duplex,
360 1687 414 1746 per
426 1667 544 1726 arterias
559 1667 681 1726 alterum
699 1667 729 1724 in
743 1665 910 1746 pulmonem
924 1687 1014 1745 usque
1031 1668 1162 1744 trajecit,

95 1763 221 1820 alterum
235 1761 312 1820 eirca
326 1761 446 1819 arterias
460 1760 489 1817 in
503 1772 634 1819 uterum:
649 1760 771 1818 alterum
783 1779 853 1817 vero
870 1760 992 1838 partitus
1008 1772 1162 1838 utramque

96 1853 175 1911 illius
187 1865 299 1930 partem
315 1851 352 1909 ad
365 1851 473 1910 listulas
485 1851 598 1909 narium
614 1853 808 1909 communiter
821 1851 920 1918 duxit,
931 1851 971 1909 ita
985 1863 1032 1924 ut,
1044 1851 1162 1929 quando

95 1946 221 2003 alterum
232 1944 268 2002 ad
280 1965 313 2003 os
326 1965 386 2002 non
398 1944 544 2023 pervenit,
560 1963 596 2000 ex
616 1943 672 2001 boc
691 1944 755 2020 ipso
769 1962 868 2002 omnes
879 1943 956 2002 illins
972 1945 1066 2002 {luxus
1079 1963 1160 2002 mea·
1224 2007 1227 2013 ,

96 2053 202 2115 tusque
217 2038 400 2116 repleantur:
421 2037 539 2094 alteram
553 2055 624 2094 vero
638 2034 719 2113 gibbi
733 2037 859 2113 rotisque
877 2037 1065 2114 capacitatem
1084 2036 1161 2095 circa

93 2149 197 2188 omnes
208 2144 305 2208 partes
314 2129 446 2208 corporis
455 2117 595 2186 concavas
610 2147 671 2186 esse
682 2122 792 2200 voluit,
808 2128 897 2206 idque
911 2148 996 2188 omne
1012 2129 1081 2188 alias
1100 2129 1163 2207 qui·

95 2221 164 2280 dem
177 2223 205 2280 in
217 2241 347 2280 convexa
360 2221 537 2298 incurvaque
551 2219 696 2278 confluere
709 2219 844 2291 molliter,
855 2221 939 2297 quasi
958 2239 1008 2279 aer
1019 2220 1082 2300 villic
1103 2221 1159 2290 sit,

94 2315 209 2386 effecit:
224 2313 293 2373 alias
306 2325 401 2394 autem
413 2331 541 2372 convexa
552 2313 736 2390 ¹incurvaque
754 2313 818 2390 ipsa
837 2313 978 2372 refluere:
995 2326 1055 2371 rete
1070 2332 1159 2386 vero,

95 2405 235 2484 quoniam
250 2425 348 2463 rarum
363 2406 400 2466 sit
411 2425 532 2483 corpus,
557 2418 709 2482 penetrare
722 2425 775 2483 per
785 2405 880 2482 ipsum
895 2424 1050 2482 rursusque
1065 2425 1160 2464 emer—

94 2519 183 2576 gere:
195 2497 292 2556 radios
305 2510 400 2556 autern
413 2497 487 2575 ignis
501 2497 653 2556 interiores
668 2498 847 2557 successione
861 2499 996 2558 continua
1008 2489 1160 2575 subsequi,

93 2591 126 2647 in
141 2601 418 2668 utramquepartem
433 2609 498 2648 aere
512 2601 676 2648 transeunte
694 2613 701 2648 :
722 2591 829 2668 idque,
847 2590 939 2650 donec
955 2591 1075 2648 mortale
1088 2609 1160 2648 eon-

94 2681 170 2740 sistit
182 2680 303 2749 animal,
316 2681 379 2739 fieri
391 2700 547 2760 numquam
559 2695 668 2740 cessat:
680 2681 846 2759 hujusmodi
860 2683 1043 2762 agitationem
1056 2682 1159 2740 merito

92 2772 319 2850 exspirationem
333 2773 610 2851 respirationemque
618 2773 794 2831 nominatam
811 2793 872 2832 esse
888 2793 1055 2832 censemus:
1073 2793 1159 2854 omne

93 2879 192 2924 autem
202 2865 259 2924 hoc
270 2885 344 2944 opus
355 2868 506 2943 omnisque
519 2879 618 2924 nostra
633 2863 694 2924 haec
710 2866 805 2944 passio
818 2865 848 2924 in
867 2885 990 2944 corpore
1004 2867 1037 2923 fit
1057 2866 1158 2943 irrign-

94 2959 176 3017 tione
187 2958 310 3035 quiedam
319 2973 349 3018 et
361 2959 511 3038 refrigerio
525 2957 659 3016 advitam
671 2971 701 3016 et
713 2957 920 3016 nutrimentum
932 2979 939 3015 :
953 2957 1070 3036 quando
1081 2958 1158 3018 eninr

92 3051 260 3130 exspirante
274 3063 303 3108 et
312 3051 471 3129 respirante
481 3050 572 3108 halitu
581 3051 653 3129 ignis
662 3049 745 3107 simul
756 3048 877 3108 interior
891 3049 1029 3127 sequitur,
1047 3068 1157 3126 perque

92 3156 210 3202 uterum
224 3143 346 3202 diffusus
357 3142 511 3222 poculenta
521 3144 725 3220 esculentaque
736 3141 874 3210 offendit,
903 3141 1050 3220 liquefacit
1061 3142 1156 3219 proti—

94 3255 151 3294 nus
168 3236 245 3313 ipsa,
264 3236 391 3315 partitur
404 3235 434 3294 in
448 3235 581 3310 minima,
608 3255 660 3314 per
675 3239 785 3304 exitus,
798 3255 857 3313 qua
874 3235 1038 3315 progressio
1049 3239 1158 3312 patet,

95 3343 243 3405 tamquam
263 3347 299 3386 ex
318 3328 397 3386 fonte
418 3327 545 3406 quodam
564 3328 677 3388 educit:
692 3330 723 3388 iu
739 3340 849 3387 meatus
870 3325 1004 3391 videlicet
1016 3346 1157 3386 venarum

95 3419 214 3496 trajicit,
226 3439 414 3498 quaecumque
430 3419 577 3495 exhausit,
592 3433 679 3500 atque
695 3441 748 3501 per
764 3439 870 3499 corpus
883 3423 965 3499 quasi
988 3421 1092 3480 vallem
1106 3441 1157 3481 ve-

93 3532 199 3570 narum
212 3513 318 3572 fluenta
327 3512 446 3571 diducit.
642 3519 646 3528 ’

136 3602 195 3660 Sed
210 3601 357 3663 videamus
370 3605 491 3676 iterum,
505 3605 612 3684 quibus
626 3610 718 3668 causis
730 3613 881 3690 respiratio
892 3609 971 3668 liunc
985 3606 1015 3665 in
1028 3607 1156 3678 modum,

95 3721 183 3778 quem
200 3723 277 3760 nunc
287 3703 449 3776 cernimus,
472 3703 558 3762 luerit
569 3705 716 3765 instituta:
739 3709 819 3788 cujus
832 3706 951 3787 quidem
965 3707 1007 3764 rei
1024 3703 1087 3763 talis
1102 3704 1159 3761 erit

95 3793 306 3852 consideratio:
320 3795 456 3871 quoniam
476 3801 599 3855 vacuum
619 3819 759 3876 nusquam
781 3813 850 3872 est,
863 3821 922 3880 quo
938 3797 1096 3878 quidquam
1110 3814 1160 3853 eo·

96 3905 174 3957 rum,
190 3907 255 3962 quae
268 3887 463 3965 perstruuntur,
476 3888 588 3966 ingredi
602 3903 689 3967 queat
698 3889 711 3960 ,'
722 3895 839 3971 spiritus
851 3907 947 3953 autem
959 3911 974 3948 e
989 3887 1074 3946 nobis
1092 3905 1159 3944 evo·

98 3980 156 4036 lat:
173 3979 265 4038 cuivis
280 3993 392 4038 constat
405 4001 464 4039 non
479 3981 507 4039 in
521 4001 644 4040 vacarum
660 3985 778 4060 quidem
795 3988 873 4046 buno
886 3985 1018 4066 spiritum
1031 3979 1161 4052 evolare,

97 4069 149 4128 sed
165 4071 329 4150 proximum
347 4071 402 4130 sibi
425 4097 441 4132 e
462 4093 514 4133 sna
531 4073 598 4134 sede
617 4075 778 4155 depellero3
794 4079 948 4160 depulsum
963 4091 1063 4133 rursus
1077 4071 1159 4130 illurn
