2786 4674
250 385 322 470 ura
586 388 635 454 M.
661 389 700 456 T.
727 389 971 458 CICERONIS

248 507 353 587 partim
366 508 480 578 melius,
496 505 600 586 partim
614 507 742 568 deterius
755 522 845 580 esset,
864 510 1062 588 deposnerunt
1072 527 1173 568 rursus
1186 509 1314 570 thoracis

247 601 452 678 capacitatem,
462 599 656 659 discernentes
667 601 765 660 sedem
780 615 926 679 tamquam
938 601 1069 660 virorum
1081 602 1222 673 alteram,
1241 604 1314 661 alte·

248 711 311 750 ram
321 692 507 751 feminarum:
517 692 711 769 cartilaginem
719 695 796 753 enim
806 692 970 772 quamdam,
982 693 1101 752 nomine
1112 691 1313 773 diaphragma,

246 781 328 861 quod
341 783 426 842 etiam
440 782 565 861 phrenas
578 797 696 856 vocant,
708 785 784 844 inter
796 785 858 843 here
872 785 996 844 mediam
1009 785 1234 864 interjecerunt:
1246 807 1316 864 par-

248 889 307 934 tem
323 875 412 953 igitur
424 875 527 936 animae
540 876 718 936 fortitudinis
732 877 947 956 iracundiaque
961 879 1134 956 participem
1149 879 1314 937 metentiu-

245 987 363 1046 samque
377 968 465 1046 capiti
479 967 718 1046 propinquiorem
732 969 845 1042 fecere,
859 970 935 1028 inter
951 969 1141 1047 diaphragma
1153 971 1314 1030 cervicem-

244 1080 302 1139 que
316 1059 462 1120 mediam:
476 1074 509 1119 nt
526 1060 588 1118 haee
602 1059 742 1120 obediens
758 1061 863 1120 rationi
884 1079 942 1119 una
959 1079 1024 1119 cum
1040 1061 1103 1138 ipsa
1121 1060 1314 1138 cupiditatum

245 1173 336 1232 genus
351 1154 381 1212 vi
396 1155 474 1212 illata
487 1167 635 1226 coereeat,
651 1155 675 1212 si
691 1154 809 1233 quando
823 1154 958 1226 rationis,
978 1154 1009 1211 in
1023 1172 1089 1211 aree
1103 1154 1207 1230 capitis
1224 1153 1315 1212 habi-

246 1247 347 1314 tantis,
362 1245 443 1324 jussa
457 1246 599 1325 cupiditas
613 1260 739 1325 respuat.
753 1249 813 1306 Cor
827 1265 914 1318 vero,
931 1265 1069 1306 venarum
1085 1247 1227 1323 originem
1242 1246 1313 1304 lon-
1384 1241 1385 1244 ’

246 1349 361 1416 temque
375 1339 518 1416 sanguinis
533 1359 586 1416 per
601 1358 686 1398 omna
713 1357 820 1417 corpus
845 1339 958 1416 impetu
969 1336 1096 1414 quodam
1110 1337 1267 1405 manantis,
1285 1337 1314 1395 in

244 1428 416 1509 stipatomrm
430 1433 547 1510 regione
561 1430 736 1510 suspendere
750 1431 923 1501 voluerunt,
939 1441 989 1503 ut,
1008 1428 1126 1508 quando
1137 1430 1188 1488 ire
1201 1429 1245 1486 ris
1259 1449 1314 1486 ex-

243 1523 384 1596 ardescit,
409 1513 529 1584 ratione
541 1525 690 1582 nuntiante
705 1522 845 1600 numquid
868 1521 1044 1581 extrinsecus
1064 1519 1170 1596 injuste
1195 1521 1245 1578 liat
1268 1521 1313 1578 vel

244 1617 416 1676 intrinsecus
430 1617 526 1694 aliqua
545 1617 776 1695 concupiscentia
793 1614 908 1687 turbet,
922 1629 991 1674 tune
1008 1614 1141 1673 celeriter
1151 1632 1206 1692 per
1217 1633 1312 1692 angu-

244 1722 306 1768 stos
320 1708 467 1786 quoslibet
478 1721 590 1768 mentm
600 1751 609 1777 ,
621 1710 795 1787 omnequod
805 1711 834 1768 in
849 1724 972 1787 corpore
988 1727 1086 1766 sensus
1100 1720 1145 1766 est
1156 1707 1313 1786 particeps,

244 1802 324 1879 jussa
338 1803 489 1880 minasque
503 1805 680 1880 persentiat,
705 1815 791 1879 atque
811 1803 851 1860 ita
866 1801 984 1860 obediat
997 1799 1235 1879 obsequatutque
1245 1821 1312 1859 nes-

246 1895 326 1968 nino‚
336 1896 577 1972 toleratqueiniis
586 1893 954 1973 omnibuspraestantissimi
963 1895 1040 1952 illius
1047 1895 1313 1972 imperiqunum

245 2005 318 2045 vero
338 2001 545 2064 cognoscerent
559 2005 612 2044 cor
626 2005 723 2045 rerum
738 1985 912 2046 terribilium
925 1984 1042 2062 objectu
1057 1985 1270 2063 trepidaturum
1285 2001 1314 2044 et

242 2078 288 2140 ira
302 2080 406 2156 sapius
421 2081 627 2158 flagraturam,
639 2078 728 2156 idque
748 2097 823 2155 opus
841 2095 926 2136 omno
941 2094 994 2155 per
1007 2076 1103 2153 ignem
1114 2077 1206 2150 licre,
1227 2089 1313 2136 atus

240 2169 411 2246 hujusmodi
435 2170 615 2250 temperandi
632 2171 723 2249 gratia
734 2171 905 2249 pulmonum
930 2181 1045 2248 tegmen
1067 2167 1151 2226 cordi
1167 2168 1312 2240 adhibue-

244 2272 334 2331 runt,
355 2262 442 2318 molle
466 2263 592 2339 primum
618 2275 705 2340 atque
725 2279 888 2340 exsangue,
912 2259 1016 2319 deinde
1038 2261 1118 2319 cavis
1140 2261 1310 2320 intrinsecam

242 2352 346 2410 fistulis
356 2354 484 2430 spongia
493 2356 583 2413 instar
594 2354 772 2424 distinctum,
781 2367 824 2427 ut,
833 2353 937 2430 spiritu
947 2366 1077 2430 potuque
1087 2355 1202 2424 hausto,
1216 2353 1311 2412 cordis

242 2443 381 2504 ardorem
395 2443 561 2523 hujusmodi
573 2447 761 2524 respiratione
773 2460 803 2504 et
818 2445 970 2523 refrigerio
986 2445 1159 2523 tepefaciat:
1173 2463 1262 2522 qnam
1273 2446 1310 2503 oh

247 2557 363 2596 comam
378 2539 518 2609 arterias,
534 2552 680 2616 tamquam
697 2538 899 2616 aqueductus,
923 2557 978 2616 per
989 2539 1163 2615 pulmonum
1177 2537 1311 2596 simun-

248 2631 317 2688 tiam
335 2628 520 2704 denumerat,
539 2649 661 2708 eamque
675 2629 774 2702 cordi,
790 2631 873 2707 (masi
887 2629 1002 2688 mollem
1017 2629 1138 2697 saltum,
1151 2627 1312 2688 circumde-

242 2721 325 2795 dere,
338 2735 386 2794 ut,
396 2723 513 2800 quando
525 2723 614 2781 nimia
630 2723 724 2781 fervet
735 2723 779 2785 ira
789 2766 797 2791 ,
809 2721 881 2781 inde·
891 2720 927 2779 ad
941 2721 1101 2779 faciliorem
1115 2719 1311 2780 obedientiam

249 2827 442 2892 temperatum
467 2815 634 2885 deferveat,
662 2815 821 2892 sedatoque
842 2815 967 2874 tumultu
991 2815 1097 2872 rationi
1115 2813 1227 2872 facilins
1246 2833 1312 2872 cnm

240 2907 289 2966 ira
301 2907 468 2966 ministrare
484 2921 514 2965 et
535 2905 656 2985 obsequi
672 2909 774 2966 valeat.
792 2911 944 2966 Postremo
965 2925 1030 2964 eam
1057 2907 1160 2964 mimae
1178 2919 1309 2984 partem,

243 3015 310 3076 quar
324 3001 470 3058 esculenta
483 3012 511 3056 et
523 3000 682 3077 poculenta
694 3001 792 3076 eupit,
809 3000 964 3076 etreliqua
978 2999 1115 3074 omnino,
1125 2997 1235 3076 quihus
1245 3017 1312 3056 cor-

245 3109 301 3167 pus
311 3091 440 3170 indiget,
455 3091 649 3169 concupiscit,
664 3091 765 3150 meme
779 3091 890 3169 regioni
904 3091 980 3150 inter
997 3089 1187 3168 diaphragma
1202 3099 1233 3147 et
1244 3107 1311 3146 mn-

246 3180 365 3242 bilienm
375 3184 556 3264 applicavere
564 3206 571 3242 :
579 3181 630 3243 ubi
642 3184 789 3262 quoddam
801 3184 882 3261 quasi
895 3203 1022 3262 presepe
1032 3181 1070 3240 ad
1079 3183 1170 3241 totius
1180 3182 1311 3258 corporis

241 3273 410 3332 alimoniam
423 3289 536 3334 exstare
549 3275 696 3355 volebant,
705 3289 736 3334 et
751 3276 860 3334 ibidem
871 3276 949 3334 illam
962 3276 1021 3334 vim
1036 3275 1150 3348 animm,
1165 3287 1310 3351 tamquam

242 3377 356 3442 agresta
378 3366 498 3436 animal,
517 3368 725 3445 alligaverunt:
746 3369 795 3427 bie
817 3389 886 3428 saae
909 3369 987 3427 illam
1000 3387 1108 3446 corpus
1128 3387 1215 3426 suum
1234 3368 1311 3426 alere

242 3459 437 3516 necessarium
446 3471 508 3532 cst,
519 3460 670 3537 siquidem
683 3462 806 3520 mortale
816 3461 995 3540 quandoque
1005 3461 1138 3519 futurum
1149 3473 1196 3520 est
1205 3479 1310 3538 genus:

246 3562 279 3608 ut
292 3568 361 3626 ergo
373 3548 410 3606 ad
423 3569 553 3628 praesepe
562 3571 676 3630 semper
688 3553 738 3611 illa
751 3567 898 3630 pascatur,
913 3553 1082 3630 habitetque
1096 3553 1201 3632 procul
1214 3572 1230 3611 a
1241 3572 1313 3610 eoa-

245 3642 365 3716 sultore,
381 3641 505 3720 ideoque
519 3644 600 3702 illum
614 3644 739 3703 clamore
752 3657 783 3702 et
796 3647 919 3724 strepitu
931 3665 984 3704 suo
997 3644 1119 3702 minime
1132 3642 1247 3715 turbet,
1260 3643 1312 3702 sed

245 3734 395 3811 permittat
416 3734 594 3812 precipuum
621 3736 713 3794 nostri
733 3736 838 3795 ducem
859 3737 1014 3814 tranquillo
1035 3737 1068 3794 in
1087 3737 1150 3794 otio
1164 3737 1312 3796 cummim

244 3827 374 3886 omnium
389 3826 505 3886 utilitati
519 3828 687 3900 consulere,
712 3830 858 3907 regionem
876 3829 987 3888 idcirco
1000 3828 1170 3888 inferiorem
1183 3829 1241 3907 ipsi
1255 3827 1311 3886 ha-

243 3919 390 3980 bitandam
402 3920 452 3979 Dii
462 3920 576 3980 dedisse
586 3921 730 3980 videntur.
742 3922 888 3996 Quoniam
898 3941 968 3980 vero
978 3919 1098 3980 ridebat
1108 3923 1189 3979 Deus
1197 3933 1310 3999 partem

242 4012 321 4070 illam
330 4013 432 4070 animae
442 4015 527 4071 talem
540 4014 618 4082 lore,
630 4027 663 4072 ut
676 4016 819 4074 rationem
829 4035 890 4074 non
903 4014 1066 4085 exaudiret,
1080 4014 1140 4072 etsi
1152 4033 1214 4090 quo
1224 4033 1310 4072 sensu

242 4103 421 4176 pulsaretur,
439 4105 519 4162 nullo
539 4105 628 4163 modo
648 4107 807 4168 redonibus
824 4107 1058 4187 obtemperaret,
1081 4105 1132 4166 sed
1147 4107 1310 4166 simulacris
