2776 4668
478 339 736 410 ramnum.
1065 349 1136 446 ⁶93

68 455 168 526 derit
184 457 367 544 animum,
387 481 463 554 quo
478 457 570 530 nihil
590 474 643 530 est
660 463 899 557 prestantius,
916 487 1037 562 neque
1050 467 1137 540 divi-

68 565 214 653 nius¹¹,
228 566 280 638 sic
298 580 333 636 te
354 566 430 664 ipse
446 565 591 662 abjicies
609 582 718 665 atque
740 587 970 668 prosternes,
990 590 1032 646 ut
1046 577 1137 649 nihil

68 676 168 746 inter
189 689 246 764 te,
268 689 376 772 atque
397 678 490 748 inter
512 677 784 778 quadrupedem
807 681 1003 779 aliquam¹²
1030 700 1137 782 putes

69 783 271 856 interesse?
295 786 503 882 Quidquam
517 785 665 858 ⁴bonum
686 786 790 877 est13,
806 789 913 887 ‘quod
933 815 1006 864 non
1033 793 1136 882 eum,

69 897 137 990 qui
152 893 190 964 id
205 896 417 991 possident,
434 896 620 968 meliorem
636 895 784 969 iacit¹⁵?
802 903 851 971 Ut
868 903 964 971 enim
981 906 1136 1001 quisque
1156 930 1187 985 15

69 1001 169 1074 est¹⁶
180 1007 333 1096 maxime
344 1005 432 1077 boni
441 1008 619 1105 particeps
630 1061 639 1095 ,
652 1009 699 1078 ita
717 1023 753 1080 et
765 1009 950 1082 laudabilis
963 1014 1135 1102 maxime;

70 1115 196 1210 neque
215 1129 269 1187 est
291 1116 404 1186 ullum
425 1115 581 1207 bonum,
599 1115 644 1188 de
667 1141 742 1215 quo
761 1143 836 1189 non
855 1124 904 1211 is,
927 1123 991 1218 qui
1012 1121 1048 1193 id
1069 1121 1135 1194 ha·

69 1221 170 1312 beat,
179 1223 331 1297 honeste
341 1227 616 1324 possitgloriari.
635 1229 731 1318 Quid
750 1243 870 1300 autem
890 1240 981 1300 est¹⁷
1001 1231 1134 1303 horum

69 1333 111 1402 in
136 1335 346 1432 voluptate?
366 1335 601 1428 Melioremne
626 1335 752 1424 efficit,
781 1343 844 1408 aut
864 1327 1134 1412 laudabiliorem

70 1443 215 1514 virum?
241 1468 287 1514 an
309 1445 499 1542 quisquam
524 1447 563 1515 in
581 1446 766 1545 potiundis
790 1447 1036 1546 voluptatibus
1057 1450 1135 1548 glo-

111 1717 152 1749 rr.
169 1701 253 1765 Neque
265 1699 379 1752 divr'uius.
390 1703 465 1752 Tuae.
483 1705 517 1761 V,
533 1702 579 1760 13,
626 1701 700 1749 Gem.
725 1699 857 1756 scribunt:
882 1700 1067 1765 «quidquamne
1088 1702 1135 1752 bo-

70 1782 107 1829 3⁵
116 1782 277 1829 :allemanni
289 1791 370 1830 eutero
379 1780 582 1840 enimes,decer·
626 1795 685 1828 num
702 1790 739 1828 eet
748 1801 775 1828 ι.
789 1805 824 1816 -
842 1779 930 1844 Quidq.
939 1780 994 1830 bore.
1008 1792 1052 1830 est.
1065 1785 1135 1832 liene

71 1871 131 1925 plue
147 1871 267 1909 exurente
279 1861 375 1919 divine,
385 1859 583 1919 omnalionnlb,
626 1858 703 1926 ipsam
718 1859 834 1906 rationem
851 1858 965 1924 praeclare
978 1861 1080 1924 exponit
1090 1862 1134 1908 Se·

69 1939 189 1988 nisieom
200 1940 255 2006 ipso
268 1939 326 1996 deo,
340 1942 361 1987 ei
374 1939 422 1989 boo
436 1941 472 1987 iae
490 1949 527 1987 eet
544 1937 582 1986 di·
626 1938 788 2001 oboedipiet.
804 1938 851 1998 87,
876 1936 1135 2002 biaverbietquod

71 2028 128 2077 otu,
141 2019 277 2082 comper-nri
289 2029 398 2082 potente.
411 2019 498 2083 Comp.
521 2015 582 2064 ibid.
626 2013 718 2062 boum
741 2027 798 2074 est,
827 2015 907 2065 bonos
932 2017 1013 2068 fucit:
1034 2019 1135 2068 fortuite

70 2099 99 2156 1,
113 2098 308 2158 aporema
585 2101 589 2109 '
626 2093 719 2142 Mnum
755 2111 806 2143 non
836 2096 954 2146 feriunt:
994 2113 1052 2162 ergo
1083 2114 1134 2148 nou

110 2191 153 2222 ra.
164 2177 247 2239 Atque
259 2176 321 2223 inter
331 2191 357 2240 q.
372 2175 414 2225 ali
430 2177 503 2224 Gem.
520 2174 583 2225 delet
626 2183 683 2222 eunt
703 2173 799 2222 bonna.
825 2175 951 2226 Fereiolati
971 2177 1044 2225 lectio
1062 2177 1134 2242 quid-

70 2255 147 2302 iuter.
160 2253 223 2302 Edd·
234 2265 294 2304 vett.
314 2254 409 2318 inquit,
422 2255 487 2303 Viot.
507 2257 581 2317 Leng.
628 2269 736 2318 quamue
745 2255 770 2302 b.
782 2254 809 2300 in
826 2255 973 2319 septemdee.
985 2255 1053 2304 librie
1063 2257 1131 2304 Men.

71 2331 200 2381 Guilielm.
211 2334 237 2382 J.
248 2333 359 2384 Gronov.
371 2333 475 2382 Feooiol.
492 2333 582 2383 olivet.
627 2343 732 2396 quatuor
749 2335 815 2382 On.
830 2334 870 2383 ed.
890 2337 978 2384 Vener.
1001 2335 1085 2396 1487,
1110 2345 1135 2384 et

71 2421 97 2458 et
106 2409 205 2460 Sebtite.
215 2411 298 2460 inritis
308 2415 373 2462 011.
383 2413 503 2472 omnibns,
510 2424 583 2477 aeque
606 2431 609 2445 ·
626 2413 729 2462 Arcens.
739 2413 809 2462 Alios
820 2414 914 2463 Manet.
924 2415 959 2462 eit
970 2415 1048 2479 legere
1061 2413 1136 2477 Quid·

70 2490 140 2538 inter
152 2491 242 2554 quadr.
253 2492 301 2539 Pro
314 2490 438 2554 oliqrM,
461 2491 528 2555 quod
547 2501 583 2540 eet
627 2507 716 2540 mane
728 2491 751 2538 b.
765 2494 794 2540 In
808 2507 858 2541 uno
873 2495 922 2542 ox.
935 2505 1020 2542 etuno
1038 2493 1135 2542 Μιηιιῑ.

71 2570 99 2618 in
114 2569 194 2618 tribue
204 2570 302 2619 Manat.
315 2580 420 2634 quatuor
431 2571 499 2619 Oxx.
519 2571 582 2620 Pell.
627 2570 807 2634 Anqur'equom
819 2573 841 2620 b.
850 2571 949 2635 Reliqui
959 2571 1100 2634 Qteidquam
1111 2571 1135 2620 b.

71 2648 113 2698 ed.
125 2645 193 2696 tter.
208 2647 312 2712 alr'qeem
323 2649 413 2697 babent
426 2648 477 2697 dno
486 2649 548 2700 Oxx.
559 2661 584 2699 et
627 2649 693 2712 quod
710 2665 847 2713 pronomen
869 2648 925 2696 lnl.
944 2649 986 2696 vix
999 2649 1135 2714 purermi'm

72 2743 119 2776 rex
128 2727 223 2776 bienni.
237 2727 267 2774 ln
278 2727 374 2776 dnobus
382 2727 478 2775 bienni.
488 2738 512 2776 et
524 2729 582 2779 edd.
628 2745 671 2792 per
682 2746 708 2777 se
719 2728 751 2776 ed
763 2727 931 2792 interrogandi
941 2729 990 2775 vim
999 2729 1136 2792 exprimen-

71 2817 137 2854 vett.
153 2815 190 2854 eet
199 2803 297 2870 aliquid
303 2823 316 2865 ,·
328 2807 355 2854 in
365 2822 415 2854 nno
426 2809 524 2855 Manet.
537 2807 585 2856 ali·
628 2808 683 2856 dem
693 2809 750 2856 uarie
758 2806 915 2855 eoevmuu
923 2821 975 2853 nee
984 2806 1136 2870 praecedente

73 2885 196 2950 quondm·
211 2885 236 2932 in
251 2899 302 2934 uno
315 2887 419 2934 Meurie.
436 2887 502 2950 epod
521 2887 584 2935 Gni·
628 2903 652 2934 m
667 2887 737 2934 iaoile
750 2886 833 2950 potnit
845 2887 976 2934 obliterari.
990 2887 1072 2935 Gne.

72 2965 151 3013 lielm.
168 2974 257 3027 aetque
269 2963 451 3028 quadrupedem
464 2965 529 3013 dions
546 2966 584 3013 in·
666 2972 705 3020 rt.
721 2965 769 3028 Qui
780 2964 809 3011 id
820 2963 938 3029 possidet.
958 2966 1097 3012 Pronomen
1111 2962 1140 3012 id

74 3055 199 3101 tereeeen,
210 3043 299 3090 omisso
311 3044 456 3107 pronomine
464 3078 473 3105 ‚
481 3045 550 3108 qnod
558 3047 584 3092 in
628 3044 695 3092 ebert
709 3043 740 3090 ab
753 3052 811 3090 oeto
823 3042 897 3090 eodd.
907 3042 1004 3090 Mennt.
1016 3042 1137 3092 edd.Verr.

72 3137 120 3170 ιιι
133 3123 230 3170 Manet.
241 3133 325 3170 etuno
343 3124 391 3172 Ox.
412 3123 488 3173 deest.
503 3125 583 3174 Bentl.
629 3123 686 3170 Aac.
701 3131 725 3170 et
738 3124 862 3170 Anemoeo.
875 3122 909 3168 De
928 3119 1007 3166 verbio
1027 3123 1091 3184 equi
1111 3121 1138 3168 ld

72 3201 591 3268 leg.et‘quadrupedempatet,einepraeae
628 3202 736 3250 habeat·
756 3215 807 3264 eeq.
830 3199 846 3264 s
866 3213 952 3246 omnes
969 3197 1027 3246 libri
1047 3214 1138 3246 conve·

73 3279 200 3346 positione
210 3293 235 3329 et
245 3281 401 3346 pronomine.
411 3283 468 3330 Vox
477 3283 586 3345 quodna-
629 3282 707 3329 ninnt.
718 3281 804 3328 Gne.

70 3376 116 3424 pes
130 3359 222 3423 triplici
236 3375 322 3424 genere
335 3359 538 3425 adhibetorapnd
548 3377 586 3410 ve-
667 3361 709 3408 15.
719 3357 797 3406 Fecit.
807 3357 865 3403 Tres
874 3356 970 3404 Mennt.
981 3343 1138 3406 etAbemoeo.

74 3449 155 3496 neres,
166 3453 213 3502 pro
224 3440 291 3500 eine,
306 3439 374 3504 quod
388 3440 583 3502 intellexerunt,
622 3437 722 3503 saciet,
737 3434 804 3500 quod
822 3433 914 3498 recepit
935 3433 1038 3483 Feeolol.
1061 3445 1138 3494 reete,

73 3517 224 3566 mbeuntivi
233 3519 383 3581 ratione,ut
394 3518 474 3567 situel
484 3521 584 3580 animal,
628 3518 649 3566 ei
666 3517 801 3576 subjeetum
827 3523 863 3562 eet
885 3510 1017 3576 quidquam
1041 3513 1139 3567 bonore.

75 3607 104 3645 ut
117 3596 216 3645 Colum.
229 3600 277 3656 XI,
295 3611 323 3656 a,
336 3597 374 3645 vel
383 3597 471 3658 batis,
482 3609 510 3646 ur
523 3598 585 3647 Caro
629 3594 774 3644 Hebendnm
787 3603 867 3641 autem
879 3591 968 3640 bonum
981 3603 1016 3641 est
1024 3607 1070 3657 pro
1081 3609 1141 3656 prn-

75 3677 110 3724 R.
124 3677 155 3724 R.
177 3691 232 3740 rep.
252 3690 309 3724 roa.
321 3676 408 3740 Virgtt.
421 3675 472 3725 llol.
492 3678 526 3739 V,
539 3672 585 3738 25,
630 3675 724 3732 dicato,
744 3682 774 3720 nt
791 3670 885 3735 «quod.
895 3705 916 3720 ..
930 3671 1009 3720 iecit·
1023 3671 1055 3748 ed
1073 3672 1141 3736 quie-

74 3756 121 3820 qni
134 3754 199 3818 idem
218 3755 464 3818 AEneid.11,714,
482 3771 586 3820 equom
630 3769 707 3820 quem
719 3751 846 3816 pertineat.
859 3751 941 3802 Gerr·

75 3833 141 3892 vn,
160 3835 223 3890 500,
239 3849 337 3882 eervrun
359 3835 482 3899 intelligit.
499 3836 591 3884 Nostro
650 3874 661 3880 ..
673 3832 716 3880 ro.
724 3831 756 3877 Ur
766 3828 829 3878 erim
837 3829 938 3896 quisque
949 3839 992 3876 eet.
1007 3827 1144 3889 bentleim,

75 3911 136 3961 loeo
144 3927 195 3962 vox
203 3911 325 3976 pemdem
337 3913 405 3962 litem
416 3911 518 3960 dirimit.
636 3909 732 3960 amiam
742 3919 770 3956 nt
783 3908 884 3972 qanoe
897 3917 935 3956 eet
942 3927 963 3956 ιο.

116 3991 159 4040 13.
171 3990 311 4056 Quidquam
324 3991 412 4038 borram
426 4003 472 4042 est.
487 3991 528 4041 Sio
541 3991 593 4040 rel-
674 4003 716 4055 17.
731 3987 798 4052 Quid
806 3985 1036 4054 auumeselomru.
1046 3981 1145 4032 Sollieet
1216 3995 1219 4000 ·

77 4085 122 4134 go.
131 4068 271 4128 Nonnulli,
289 4069 354 4118 inter
371 4085 434 4133 quoe
451 4069 556 4120 Feoeiol.
569 4081 594 4118 et
636 4067 856 4130 laudiserqloriae.
870 4067 952 4113 Genu.
1214 4075 1217 4080 ·
