2776 4688
251 359 297 432 38
614 363 942 434 INTRODUC‘HO.

247 483 351 566 Nam,
374 498 415 547 ut
442 503 482 548 ex
508 481 549 548 D.
577 481 759 572 Augustino
783 484 830 575 (1)
859 482 1009 572 colligere
1037 496 1103 564 eat,
1132 479 1320 552 Academici

246 596 418 681 sapientem
440 606 474 654 et
496 588 619 654 beatum
637 592 789 660 beatitate
810 615 865 674 ea,
884 613 957 679 quui
977 588 1106 656 homiui
1125 589 1321 679 contingere

246 699 365 788 possit,
379 719 457 762 eum
470 695 644 784 putabant,
661 699 745 787 -qui
758 721 872 769 venum
890 711 1065 786 quereret,
1082 695 1158 764 ticet
1173 694 1207 760 id
1223 718 1323 762 nuut-

246 825 345 892 qutun
366 800 605 892 apprehendat,
630 801 687 868 sed
711 803 970 893 probabilitatem
995 818 1152 890 sequatur
1166 824 1198 868 a:
1223 800 1322 869 beate

247 911 336 976 enim
355 909 461 972 vivere
481 930 558 974 eum
578 907 688 991 aiunt,
712 910 769 997 qui
792 907 981 998 secundum*
994 907 1155 974 rationem
1175 905 1262 976 vivut
1277 906 1322 970 ab

247 1039 356 1082 errore
369 1015 461 1082 liber.
482 1016 582 1080 Error
594 1031 704 1088 autem
719 1017 780 1085 illis
796 1035 864 1098 est,
880 1017 947 1082 veri
962 1013 1009 1104 (a)
1027 1037 1088 1103 pro
1103 1013 1182 1080 falso
1201 1036 1323 1102 tppm·

246 1124 337 1192 butio
357 1146 365 1187 :
394 1145 412 1188 a
439 1145 506 1210 quo
535 1123 611 1188 satis
635 1145 670 1191 se
693 1147 824 1198 securos
852 1139 969 1213 putant
994 1121 1074 1188 nihil
1095 1117 1323 1210 approbando.

248 1230 367 1319 Magna
380 1243 491 1296 sutem
508 1228 597 1316 apud
610 1253 681 1312 me,
695 1231 792 1298 ctiam
809 1232 843 1296 in
858 1227 1064 1311 huiusmodi,
1080 1226 1256 1320 Augustini
1272 1243 1325 1292 est

250 1336 445 1402 auctoritas:
468 1334 615 1402 existimo
631 1337 723 1406 euim
745 1337 855 1402 omnia
873 1359 946 1424 quae
964 1335 1005 1400 ab
1021 1333 1076 1403 illo
1091 1333 1134 1400 de
1151 1331 1324 1398 Academi-

188 1477 195 1494 r
251 1463 367 1508 corum
396 1427 579 1529 disciplina,
609 1443 643 1508 in
670 1444 761 1508 libris
786 1465 870 1532 quos
903 1441 1056 1509 adversus
1088 1463 1144 1506 aot
1175 1440 1325 1529 scripsit,

252 1563 561 1629 commemorantur,
576 1571 616 1614 ex
630 1549 676 1614 M.
695 1549 791 1618 Tullii
805 1550 912 1631 libris,
932 1549 989 1637 qui
1007 1571 1075 1614 non
1091 1563 1235 1628 exstant,
1251 1567 1326 1610 esse

252 1652 432 1742 desumpta.
448 1651 678 1725 Verumtamen
696 1678 733 1720 ea
749 1656 874 1720 ratione
883 1653 1048 1744 pmbubrie
1062 1654 1154 1742 sequi
1161 1665 1324 1741 sponsio,

230 1757 408 1852 ,Arcesilas
431 1757 537 1824 dicere
553 1760 678 1847 potuit,
699 1783 764 1848 qua
782 1761 921 1848 sceptici
939 1761 1035 1826 otiam
1051 1760 1114 1848 ipsi
1128 1768 1272 1832 πιίοωοιι,
1290 1757 1326 1822 id

253 1879 319 1946 est,
326 1863 513 1953 persuaderi
527 1889 578 1948 se,
595 1882 652 1930 aut
666 1865 834 1955 quidpiam
848 1866 909 1932 sibi
923 1866 1053 1954 probari
1069 1864 1202 1946 dicunt,
1218 1887 1327 1952 quum

254 1971 442 2058 simpliciter
454 1969 488 2034 id
498 1970 588 2058 quod
596 1973 828 2060 apparet,rine
839 1972 1025 2039 vehementi
1035 1971 1142 2060 aliqua
1151 1970 1328 2036 affectione

254 2091 311 2140 aut
324 2075 423 2140 animi
437 2077 672 2164 propensione,
686 2095 880 2166 sequuntur,
896 2095 934 2144 ut
950 2101 992 2144 ne
1007 2078 1089 2147 nihil
1101 2092 1218 2166 agant:
1234 2075 1329 2164 qnod

254 2180 343 2246 idem
360 2182 474 2246 Sextus
486 2180 532 2268 (3)
550 2183 670 2248 scribit.

408 2424 425 2498 S
447 2419 506 2482 111.
530 2418 579 2481 De
597 2419 715 2508 Scapti,
730 2425 793 2482 sive
811 2419 1058 2502 Pyntonumm
1078 2435 1176 2484 secta.

305 2639 356 2706 13.
376 2637 465 2722 Quid
485 2654 594 2702 autem
614 2639 737 2727 Scepsis
743 2688 753 2720 ‚
777 2638 912 2728 ipsaque
931 2639 1111 2728 Pyrrhonis
1130 2637 1282 2704 doctrina
1298 2655 1331 2704 et

258 2745 418 2810 institutio
436 2744 495 2826 sit,
513 2747 572 2808 etsi
589 2767 640 2810 res
657 2745 820 2834 postulare
841 2743 1006 2822 videatur,
1026 2762 1065 2809 ut
1081 2744 1211 2810 anobis
1227 2767 1331 2834 expo·

258 2867 372 2932 natur3
385 2864 494 2915 tamen
509 2873 613 2937 quum
631 2852 718 2916 Sexti
736 2851 910 2940 Pyrrhonii
924 2851 1156 2916 commentaria
1174 2851 1331 2915 omnibus

258 2979 324 3044 prae
344 2956 494 3020 manibus
518 2956 601 3039 sint,
625 2979 665 3020 ex
687 2957 806 3044 quibus
828 2957 893 3020 hoc
916 2956 1047 3022 abunde
1067 2957 1161 3022 liceat
1180 2957 1330 3038 haurire,

259 3077 357 3151 atque
369 3061 391 3125 ii
401 3063 456 3151 qui
470 3083 538 3126 non
551 3061 632 3127 adeo
645 3063 786 3126 vacarint
795 3080 833 3130 ut
842 3062 894 3126 illa
903 3063 1084 3152 perlegant,
1094 3087 1133 3128 cx
1143 3063 1271 3128 Laertio
1283 3063 1332 3154 (4)

260 3167 433 3234 commode
460 3167 495 3232 id
525 3191 639 3258 capere
666 3169 811 3259 possint,
840 3191 907 3234 non
941 3192 1060 3258 magno
1086 3169 1163 3234 vitio
1188 3193 1206 3234 a
1232 3169 1332 3234 nobis

259 3273 514 3339 omitterentur:
540 3273 597 3340 sed
620 3276 694 3364 quia
720 3295 789 3339 uon
814 3275 952 3340 omnino
977 3275 1047 3340 sine
1070 3276 1168 3358 vitio;
1190 3275 1333 3340 breviter

259 3380 442 3443 universam
452 3381 607 3468 Scepseos
617 3383 775 3444 rationem
788 3382 1064 3470 perstringemus:
1074 3381 1332 3472 velpraestiterit,

260 3484 446 3565 aTimone,
466 3485 761 3574 Pyrrhonisipsius
779 3485 957 3575 discipulo,
970 3487 1036 3569 jam
1053 3487 1132 3552 olim
1151 3489 1185 3553 iu
1198 3487 1331 3586 brevem

295 3736 333 3804 (t)
351 3739 476 3786 Adversus
486 3738 603 3787 Academ.
613 3741 640 3798 1,
653 3755 676 3798 ι,
688 3756 718 3802 r,
733 3749 749 3796 4
766 3741 803 3808 (et
815 3751 866 3789 tum
881 3741 985 3790 maxime
998 3757 1054 3808 cap.
1073 3744 1105 3806 ³,
1118 3740 1133 3807 ς
1149 3739 1189 3808 7),
1202 3752 1266 3790 tom.
1276 3746 1298 3791 1.

297 3825 337 3892 (n)
355 3826 395 3874 Sic
410 3825 556 3875 inditione
572 3828 664 3892 prima:
679 3828 722 3876 sed
734 3827 788 3892 lege
803 3831 916 3890 omnino,
930 3831 1002 3880 -utsi
1017 3847 1065 3900 pro
1076 3847 1136 3882 vero
1153 3831 1331 3898 approbarim.

261 3918 411 3965 Dnnrnnus.

299 4005 337 4070 (3)
354 4005 488 4068 Hypotyp.
501 4003 545 4053 lib.
555 4007 580 4064 1,
593 4021 648 4069 cap.
659 4007 702 4055 33.

296 4091 335 4158 (t)
350 4095 379 4140 ln
393 4091 528 4156 Pyrr-bouis
541 4095 605 4151 vita,
626 4110 680 4158 pag.
695 4095 745 4144 ⁵⁸0
758 4105 783 4146 et
796 4111 845 4158 req.
