2770 4688
305 360 347 427 r.
375 357 618 428 vlnerum
641 357 921 429 rcsomrm.
1102 357 1147 456 37

88 482 150 546 at't!
158 476 506 568 quod-hemistichium
518 479 558 544 ab
569 478 814 563 Andromacha,
826 481 1000 546 Hectorem
1010 505 1029 546 a
1039 503 1149 572 pugna

89 607 225 650 revocare
235 575 404 667 studente,
414 584 503 674 apud
517 585 717 676 Homerum(
721 584 751 675 1)
764 587 1003 675 pronuntiatur.
1013 589 1151 653 Dicebat

88 690 172 756 etiam
181 688 368 756 Carneades
379 707 411 756 et
420 690 500 756 illud
509 739 518 774 ,
527 693 558 755 a·
567 691 756 781 Chrysippus
768 691 968 782 norrfirriset,
981 717 1045 758 non
1053 717 1149 772 essem

86 821 154 886 25⁰2·
168 795 262 886 quod
274 795 513 886 perparodiam
526 819 565 862 ex
576 799 631 864 illo
641 799 789 888 superius
800 799 902 864 relato
914 815 963 864 cst
974 799 1150 866 detortum.

83 905 126 968 lta
143 903 247 968 Stoici
267 902 309 968 de
323 904 496 993 Chrysippi
516 906 644 996 scriptis
661 929 699 970 ac
718 905 851 996 ingenio
868 905 931 969 sibi
949 907 1094 995 placent,
1113 923 1152 972 ut

81 1008 199 1092 dicant,
218 1031 336 1074 omnes
348 1009 497 1074 omnium
513 1009 782 1076 Academicorum
794 1012 911 1094 libros,
927 1013 984 1100 qui
999 1011 1150 1079 adversus

78 1137 188 1180 sensus
211 1130 294 1180 sunt
311 1113 407 1198 editi,
428 1117 455 1179 si
477 1116 574 1180 simul
592 1133 826 1207 congerantur,
849 1141 916 1183 non
935 1117 1150 1183 conferendos
1168 1103 1174 1115 ⁸
1255 1147 1258 1156 ·

26 1210 28 1222 ’
77 1243 150 1286 cum
169 1221 209 1287 iis
237 1243 312 1310 quse
334 1221 375 1285 ab
392 1243 460 1286 uno
482 1223 663 1312 Chrysippo
687 1222 840 1288 adversus
861 1246 975 1288 sensus
1004 1241 1082 1288 sunt
1105 1223 1151 1313 (a)

74 1331 200 1418 scripta.
223 1329 304 1393 Heca
324 1328 439 1393 Cicero
460 1351 528 1394 non
545 1330 765 1420 praeterrnisit3
789 1331 836 1395 sic
857 1331 1008 1395 enimait
1031 1330 1064 1394 in
1083 1331 1150 1394 Lu·

72 1435 158 1500 cullo
170 1433 242 1522 (3):
256 1465 271 1492 ι
282 1435 332 1500 De
343 1434 463 1523 quibus
477 1435 643 1500 volumina
657 1436 788 1526 impleta
805 1454 897 1520 sunt,
914 1461 982 1501 non
998 1459 1016 1500 a
1030 1437 1149 1500 nostris

71 1539 197 1624 solum,
217 1538 277 1605 sed
295 1540 393 1605 etiam
407 1563 425 1604 a
439 1540 643 1630 Chrysippo:
661 1539 787 1630 dequo
806 1543 897 1629 queri
915 1543 1021 1607 solent
1035 1542 1150 1625 Stoici,

70 1645 150 1710 dnm
169 1644 320 1712 studiose
335 1646 446 1710 omnia
465 1646 677 1735 conquisierit
699 1664 813 1712 contra
835 1669 949 1711 sensus
971 1663 1004 1711 ct
1023 1647 1149 1735 perspi-

69 1753 249 1835 cuitatem,
274 1747 456 1840 contraque
483 1775 616 1818 omnem
649 1737 943 1833 consuetudinem,
971 1767 1150 1841 contraque

70 1861 252 1940 rationem,
281 1858 391 1948 ipsum
421 1857 482 1923 sibi
512 1857 767 1947 respondentem
797 1879 832 1921 se
857 1857 930 1945 ipso
961 1858 1148 1923 inferiorem

71 1963 187 2049 fuisse,
203 1965 318 2052 itaque
334 1964 376 2027 ab
391 1985 432 2028 eo
448 1980 609 2030 armenam
625 1985 695 2028 esse
710 1961 908 2028 Carneadem
918 1993 942 2027 n.

118 2093 169 2136 ra.
196 2071 258 2135 Est
282 2092 380 2161 ergo,
405 2083 514 2134 nostra
540 2069 718 2152 sententia,
747 2068 903 2135 Arcesilas
926 2067 1146 2157 Pyrrhonius3
1232 2142 1236 2156 ι

71 2190 128 2239 aut
144 2199 212 2265 qua
229 2175 377 2257 ratione,
396 2174 465 2256 ejus
482 2175 711 2258 Academiam,
731 2197 830 2264 quam
846 2175 992 2264 plerique
1015 2174 1149 2239 mediam

71 2297 206 2366 vocant,
217 2305 236 2347 a
249 2279 449 2366 Carneadea,
463 2304 562 2371 quam
573 2305 689 2348 novam
702 2297 735 2347 et
748 2287 870 2347 tertiam
885 2281 1016 2365 dicunt,
1028 2281 1148 2346 discer-

72 2409 207 2472 namus,
227 2411 298 2454 non
319 2389 490 2454 habemus.
517 2389 588 2454 Nisi
609 2390 655 2455 sic
676 2411 738 2454 uec
759 2389 933 2455 Arcesilam
954 2412 973 2452 a
993 2388 1145 2470 Platone,

71 2513 133 2558 nec
160 2493 362 2560 Carneadem
389 2496 432 2560 ab
461 2495 619 2578 Arcesila,
646 2518 708 2561 nec
738 2495 779 2560 ab
809 2512 951 2583 utroque
974 2493 1144 2559 Philonem

71 2596 261 2684 descivisse,
272 2598 475 2666 Academicis
486 2599 714 2666 concedamus.
731 2601 844 2664 Unum
855 2615 965 2664 tamen
979 2615 1042 2681 est,
1056 2598 1146 2687 quod

70 2705 246 2770 Arcesilam
265 2727 334 2771 non
351 2728 587 2795 usquequaque
605 2728 682 2772 cum
700 2705 869 2794 Pyrrhone
882 2705 1144 2769 'consentientem

72 2809 245 2876 ostendere
268 2811 438 2896 rideatur,
469 2812 560 2901 quod
594 2829 628 2878 et
655 2812 793 2893 Sextus,
822 2812 854 2876 in
882 2810 967 2874 libro
999 2809 1147 2874 aduersus

74 2915 342 3006 Discqumas(d),
360 2917 467 2984 tradit.
484 2919 604 2984 Scribit
614 2909 702 2984 enim
721 2919 764 3001 is,
783 2947 796 2974 «ι
808 2915 985 3000 Arcesilam,
993 2915 1026 2980 id
1036 2916 1070 2980 in
1080 2917 1145 2980 rita

70 3021 194 3112 agenda
207 3024 303 3112 sequi
315 3025 464 3109 jussisse,
481 3024 572 3116 quod
587 3023 755 3113 probabile
769 3023 977 3104 judicaretur.
995 3023 1145 3110 Namque

70 3127 252 3214 prudenter
269 3149 304 3193 se
320 3151 437 3219 gerens
452 3130 632 3219 quispiam,
648 3130 772 3213 aicbat,
789 3129 975 3192 beatitatem
989 3122 1145 3216 adipisce-

71 3249 133 3300 tur.
151 3233 335 3301 Prudentia
357 3236 391 3300 in
414 3251 502 3302 recte
520 3237 611 3301 lactis
632 3243 790 3303 versatur.
811 3237 910 3300 Recte
926 3254 1004 3310 vero
1023 3232 1145 3298 facturn

70 3339 103 3406 id
119 3356 187 3426 est,
202 3340 247 3408 de
262 3363 351 3430 quo,
367 3339 458 3430 quod
471 3341 516 3405 ita
531 3341 654 3406 factum
667 3341 782 3422 luerit,
792 3337 968 3428 probabilis
981 3353 1015 3403 et
1028 3338 1147 3403 rationi

71 3463 290 3514 comentanea
314 3463 425 3536 potest
450 3445 542 3512 reddi
570 3469 665 3512 causa
691 3470 699 3512 :
725 3463 823 3535 atque
851 3444 916 3510 hoc
942 3441 1059 3527 modo,
1090 3444 1147 3531 qui

73 3553 239 3640 probabile
259 3569 422 3643 sequuttu
442 3555 557 3636 fuerit,
576 3570 609 3619 et
624 3569 712 3618 recte
732 3575 767 3617 se
788 3567 894 3642 geret,
912 3565 944 3614 et
960 3550 1146 3615 felicitatem
1166 3569 1175 3594 r

72 3681 261 3754 assequetur
269 3693 295 3728 ι.
304 3665 382 3729 Haec
391 3679 501 3729 autem
511 3663 620 3727 omnia
633 3661 844 3727 vehementer
857 3676 936 3725 sunt
944 3659 1145 3726 Academica.

102 3842 141 3908 (r)
158 3843 230 3892 lliad.
243 3841 292 3892 lib.
302 3843 355 3904 Vl,
376 3857 401 3889 v.
417 3847 480 3902 toy.

102 3931 140 3998 (a)
157 3931 288 3984 Plutarch.
301 3931 334 3980 de
346 3930 488 3979 Stoicorum
501 3930 644 3979 contrarist.
656 3943 711 3992 pag.
725 3929 804 3986 1036,
819 3945 843 3977 c.

101 4021 137 4086 (3)
155 4023 239 4074 Arad.
255 4021 305 4070 lib.
318 4021 359 4080 11,
375 4035 431 4084 cap.
444 4035 488 4080 ²7·

101 4109 138 4176 (l)
155 4113 211 4162 Lib.
219 4113 288 4171 vn,
304 4108 364 4159 adv.
377 4107 496 4158 Alatheus.
511 4105 547 4167 (r.
557 4105 612 4156 adv.
622 4105 710 4173 Lep),
730 4117 789 4156 sect.
801 4107 859 4158 res.
957 4169 961 4178 Ι
