2764 4688
213 308 284 356 200
559 286 833 357 EXCURSUS
858 287 923 355 VI.

212 404 287 493 cit):
302 403 346 469 ita
365 404 516 494 denique,
525 421 564 470 ut
581 406 622 471 ad
634 429 703 470 rem
722 406 824 496 ipsam
834 405 1020 486 veniamus,
1045 416 1172 502 αἴσθησις,
1191 429 1278 493 quae,

211 509 299 600 apud
324 510 455 576 eosdem
480 511 591 578 itidem
616 512 787 600 multiplici
811 513 843 575 vi
860 512 966 600 posita
987 507 1082 598 (ride
1099 510 1141 575 ad
1160 517 1175 584 5
1191 512 1282 600 Ao),

211 617 372 708 praecipue
390 617 431 683 de
446 627 556 685 αἰσθήσει
570 635 745 698 teceamus
760 618 934 683 adhibetur
944 643 953 702 3
964 618 1029 702 vel,
1041 633 1087 694 ¹ut
1103 633 1217 682 auctor
1231 617 1285 682 di·

212 727 273 809 cit,
290 748 409 791 sensum
422 726 459 790 id
471 727 680 817 appellabant
688 777 699 809 ,
718 729 808 818 quod
822 739 890 792 erat
905 750 997 792 sensu
1016 726 1284 815 comprobemum,

211 835 232 897 i.
252 855 280 896 e.
298 843 462 914 κσσαλσσθίν.
484 836 523 898 In
541 835 613 921 ipso
632 849 742 898 autem
760 833 990 923 auimoStoici
1005 857 1126 898 sensnm
1143 833 1285 896 colloca-

213 939 307 1022 bant;
332 938 431 1028 idque
453 937 530 1002 inde
553 940 710 1024 maxime,
734 941 843 1030 quod,
868 956 907 1006 ut
927 941 1038 1005 omnia
1060 940 1217 1020 omnino,
1239 939 1287 1002 sic

212 1045 358 1108 animum
382 1065 515 1133 quoque
537 1046 704 1110 materiam
721 1069 790 1111 esse
813 1045 1015 1112 statuebant:
1039 1047 1121 1110 lacta
1136 1045 1237 1135 igitur
1251 1044 1286 1107 in

212 1173 252 1214 eo
271 1147 410 1239 quadarn
428 1149 488 1213 visi
506 1149 719 1240 impressione
736 1153 887 1243 proprie,
904 1168 975 1217 tum
992 1151 1127 1216 demum
1151 1173 1287 1216 sensum

211 1257 303 1320 hunc
319 1255 399 1318 oriri
415 1253 581 1340 dicebaut3
600 1256 743 1348 reliquos
756 1258 856 1322 animi
870 1273 979 1335 aetus,
997 1257 1055 1346 qui
1068 1257 1288 1322 sensationem

213 1359 299 1424 hanc
324 1357 513 1423 interiorem
537 1361 745 1449 praecedunt,
769 1372 836 1429 σσίθη
858 1361 1065 1452 appellantes.
1089 1361 1176 1426 Plut.
1200 1362 1289 1426 Plae.

213 1464 308 1529 Phill.
323 1463 379 1546 lv,
400 1487 457 1546 ra,
476 1482 509 1530 et
525 1466 650 1555 saepius.
666 1471 743 1534 Haec
755 1469 824 1558 ipsa
839 1479 947 1540 τύπωσις
964 1490 1069 1557 quum
1082 1466 1123 1531 ab
1139 1465 1289 1531 adversa·

214 1570 290 1651 riis,
304 1570 441 1635 crassius
456 1587 603 1662 accepta,
618 1591 796 1660 vexaretur,
812 1571 1032 1664 'Chrysippum
1044 1572 1224 1638 commovit
1234 1620 1244 1653 ,
1254 1590 1294 1635 ut

217 1678 286 1757 ejus
301 1678 375 1742 loeo
392 1687 535 1754 euticeo,
553 1681 604 1743 vel
625 1671 766 1762 ᾶσσρσῑσσισ
780 1699 937 1770 poneret;
954 1681 995 1745 cf.
1014 1680 1119 1744 Laert.
1135 1679 1213 1759 Vll,
1231 1676 1293 1760 505

216 1783 266 1848 cll.
281 1784 368 1848 Sext.
386 1783 481 1872 Emp.
495 1784 599 1851 Malla.
611 1785 690 1874 Vll,
712 1799 728 1866 ε
748 1810 829 1874 229,
848 1809 938 1875 seqq.
959 1786 1016 1876 qui
1034 1801 1144 1850 tamen
1161 1784 1214 1849 vel
1226 1783 1294 1847 hoc

196 1889 324 1976 'ipsum
351 1899 437 1960 ὑλικῶς
459 1890 603 1978 accipere
625 1879 774 1958 debebat.
801 1891 901 1976 Quod
925 1891 952 1955 si
975 1892 1075 1981 igitur
1091 1895 1194 1954 visum
1211 1887 1295 1952 illud

216 1995 411 2083 impressum
433 2018 473 2059 ex
497 1999 655 2088 perceptis
674 1999 984 2089 comprehensisque
1001 2013 1088 2080 erat,
1110 1996 1295 2060 necessario

218 2100 315 2164 etiarn
336 2123 463 2180 sensus,
486 2104 543 2190 qui
566 2107 839 2195 consequebatur,
857 2105 928 2170 talis
948 2125 1018 2169 esse
1039 2102 1189 2167 debebat.
1208 2103 1297 2166 Hinc

218 2199 307 2271 recte
318 2205 363 2270 illi
379 2217 505 2284 αἴσθησιν,
519 2208 583 2274 hoc
595 2214 774 2300 praegnanti
789 2235 905 2294 sensu,
918 2212 953 2274 in
964 2222 1102 2292 ἡγεμονικῷ
1116 2207 1298 2299 ponebant,

218 2313 324 2376 Laert.
338 2311 470 2398 V11‚72
485 2335 493 2375 τ
509 2316 621 2402 quain
636 2339 671 2381 re
682 2332 732 2382 tot
744 2318 813 2383 VV.
826 2319 896 2382 DD.
911 2316 1141 2396 offenderunt3
1159 2312 1217 2379 sed
1231 2315 1298 2377 hoc

222 2441 262 2482 ex
276 2417 452 2481 notionum
466 2441 552 2484 nexu
564 2423 655 2488 facile
669 2415 866 2514 explicanda.
884 2423 953 2488 llac
966 2439 1076 2487 autem
1095 2421 1250 2486 uberiore
1265 2422 1298 2483 vi

222 2521 269 2588 illi
282 2545 333 2587 vv.
352 2523 456 2585 virum
464 2570 475 2603 ‚
489 2542 522 2588 et
531 2550 638 2593 sensus
645 2575 656 2608 ,
673 2531 879 2619 potissimum
892 2531 926 2593 in
939 2527 1143 2594 defendenda
1157 2537 1298 2606 σσσσσισίας

222 2643 410 2702 aeramnae.
437 2625 625 2698 definitione
643 2633 707 2722 (cf.
726 2637 850 2700 Lucull.
875 2649 891 2714 s
917 2633 994 2719 18),
1012 2657 1069 2721 per
1088 2631 1298 2696 Academiam

225 2741 439 2805 recentiorem
458 2755 628 2825 tantopere
644 2740 854 2827 impugnata,
875 2737 1096 2826 usurpabant:
1110 2735 1211 2824 idque
1226 2751 1299 2799 tum

225 2846 318 2932 quasi
324 2844 397 2926 jure
408 2842 551 2934 quodam
561 2865 622 2907 suo
633 2867 642 2925 3
654 2843 729 2931 quia
744 2843 804 2908 hae
818 2844 887 2931 ipsa
899 2843 977 2906 iure
989 2841 1121 2930 proprie
1131 2838 1172 2928 de
1184 2846 1258 2904 viro
1267 2857 1301 2905 et

224 2972 337 3031 sensu,
360 2950 462 3039 qualis
483 2948 518 3012 in
539 2949 682 3037 sapiente
704 2969 773 3012 esse
792 2947 944 3029 deberet,
958 2947 1124 3037 agebatur,
1142 2945 1178 3008 in
1197 2967 1299 3034 quem

227 3079 266 3122 ex
286 3079 401 3122 eorum
420 3041 528 3121 menie
544 3077 613 3120 non
632 3055 694 3120 nisi
713 3071 867 3144 percepta
893 3070 927 3119 et
949 3054 1183 3142 comprehensa
1201 3050 1298 3117 cade-

227 3161 317 3229 bant.
335 3164 409 3245 His,
427 3185 500 3251 quae
513 3160 655 3250 pressius
667 3161 924 3248 disputavimus,
943 3176 1090 3224 accurate
1106 3159 1233 3246 ubique
1248 3156 1301 3222 ad·

227 3266 357 3348 bibitis,
370 3268 537 3356 complura
547 3282 695 3330 veterum
710 3265 780 3328 loca
792 3264 898 3330 lucem
912 3287 1004 3330 suam
1016 3265 1198 3352 recipiunt,
1218 3264 1300 3329 huc-

230 3395 334 3460 usque
348 3372 554 3458 addubitata,
571 3373 622 3438 vel
639 3373 735 3438 etiam
750 3389 905 3440 correcta.
930 3372 1088 3439 Gontiana.
