2786 4674
245 347 314 418 602
417 395 422 410 ·
583 351 632 418 Μ.
657 351 695 418 Τ.
722 349 966 420 CICERONIS

194 481 198 494 ·
245 489 305 550 que
316 470 391 549 igni
405 467 561 528 mumdum
577 468 615 528 sb
630 469 687 529 boc
706 471 782 542 aeri,
798 487 881 548 aquae
893 468 1030 526 tertianas
1047 485 1083 524 es
1104 467 1150 526 bis
1170 469 1305 530 munibus

245 561 332 640 quod
336 559 420 620 bases
431 559 617 639 paucissimas
630 561 728 634 babet,
742 563 965 622 velocissimum
968 579 1028 618 esse
1040 561 1237 619 necessarium
1247 577 1303 621 est:

243 668 288 713 est
306 653 383 712 enim
397 653 433 711 ad
447 652 656 732 penetrandum
668 654 933 736 promptissimum,
947 652 1057 732 quippe
1075 671 1166 731 quum
1185 673 1304 732 prorsm

243 746 281 804 sit
295 745 423 804 omnium
438 747 648 805 amussimums
642 747 839 806 ·levissirnum
853 763 985 824 qnoque,
1000 763 1091 823 qstum
1110 765 1147 803 ex
1166 748 1304 826 paucisn-

243 838 296 897 utis
311 835 443 917 partibus
462 837 570 897 eisdem
587 849 718 898 constet·
733 837 812 916 quod
833 836 990 896 secundum
1010 849 1067 906 est,
1090 837 1221 896 soetutdo
1241 840 1304 897 loco

242 929 350 988 babeat
362 927 424 988 baec
436 941 570 1008 oportet.
584 930 670 988 tertio
682 931 817 988 tertium:
834 931 922 1008 igitur
938 928 1095 988 secundum
1112 941 1220 986 mmm
1238 947 1303 1008 pro·

242 1017 428 1098 habilemque
445 1021 585 1079 rstiooem
601 1021 760 1099 pyramidis
770 1021 883 1100 species
893 1021 986 1080 solida
1000 1021 1176 1080 elementum
1196 1040 1303 1080 semen

241 1129 300 1191 que
313 1114 351 1172 tit
365 1111 438 1191 ignis
451 1134 457 1169 :
474 1112 629 1171 modam
640 1131 710 1171 vcro
723 1114 909 1192 generatione
920 1111 1046 1191 speciem
1058 1113 1130 1184 aeri,
1142 1129 1227 1191 aquea
1245 1125 1303 1170 ter-

242 1205 311 1264 tiam
327 1203 506 1264 tribuamus:
525 1205 563 1263 de
576 1204 621 1265 bis
641 1203 776 1264 omnibus
792 1205 867 1263 adeo
887 1204 987 1284 persis
1007 1204 1047 1262 its
1065 1203 1229 1282 putendum
1247 1217 1302 1272 est,

241 1296 335 1376 quod,
351 1297 375 1355 si
388 1298 499 1375 singula
513 1297 662 1356 dumtaxat
677 1298 854 1374 singolorum
867 1315 1003 1374 generum
1018 1295 1182 1372 cupiantur,
1193 1296 1302 1353 nullum

243 1405 343 1446 eormn
362 1403 484 1466 propter
503 1390 673 1466 parvitatem
688 1389 767 1448 cerni
784 1387 903 1448 euobis
917 1389 1042 1465 poterit:
1063 1389 1109 1444 sin
1126 1387 1306 1445 mutunu-

242 1497 305 1538 cem
318 1494 539 1558 congregentur,
555 1499 657 1539 eorum
667 1481 757 1539 moles
771 1480 1039 1560 magnitudinesque
1050 1491 1211 1538 cernenmr
1218 1498 1227 1535 ι
1235 1497 1301 1556 qu

243 1573 330 1632 etiem
341 1572 404 1630 bmc
415 1573 511 1632 omnia
522 1591 538 1630 ι
549 1577 703 1642 Deotanta
718 1573 843 1651 ubique,
859 1572 957 1651 quom
976 1569 1191 1642 multitudines,
1210 1583 1302 1628 molus

238 1677 326 1742 etque
343 1666 501 1744 potentias,
526 1667 717 1745 proportione
736 1679 837 1724 erecte
861 1664 993 1724 absoluta
1014 1679 1206 1740 omnemque
1221 1677 1301 1736 sunt,

240 1767 376 1834 quantam
387 1757 565 1818 necomitatis
577 1770 679 1816 ustura
696 1757 789 1817 libens
808 1771 838 1816 et
849 1775 986 1836 ροηιιιιιι
1003 1773 1107 1834 capere
1125 1767 1251 1834 poterat,

281 1851 325 1906 Ex
336 1847 472 1907 omnibus
487 1865 570 1922 sene,
585 1869 709 1926 quorum
719 1867 822 1928 genera
833 1859 921 1928 supra
931 1849 1129 1914 necavimus,
1145 1848 1187 1904 ita
1201 1848 1300 1904 merito

240 1952 273 1998 ss
284 1957 330 1999 res
342 1937 454 2000 babere
465 1941 596 2000 videtur:
611 1955 687 2000 terra
695 1961 784 2020 quum
794 1943 823 2000 in
832 1943 929 2019 ignem
935 1939 1080 2011 incideris,
1095 1939 1159 2016 ejsts
1172 1939 1300 1997 acumine

240 2031 380 2092 dissoluta
392 2034 493 2108 fertur,
505 2035 632 2093 resoluta
643 2035 672 2092 in
684 2035 790 2113 ignem,
799 2046 964 2104 autumem,
976 2046 1150 2107 autequam,
1150 2045 1300 2108 quousque

241 2135 338 2202 partes
358 2125 448 2202 ipsius
469 2143 628 2230 congresse
645 2127 751 2185 iterum
767 2125 904 2202 sibique
896 2125 1019 2183 invicem
1033 2121 1176 2200 copulate
1197 2133 1298 2180 terrem

240 2215 391 2274 reficiant:
410 2235 470 2273 non
496 2218 571 2275 enim
593 2217 623 2275 in
652 2217 735 2276 aliam
756 2237 893 2295 umquam
917 2215 1042 2294 speciem
1063 2215 1297 2292 mumigraret.

240 2323 315 2408 aqua
326 2319 468 2383 proteres
481 2307 543 2366 ιιι·
534 2326 601 2412 igue
622 2309 666 2366 vel
687 2327 754 2366 aere
771 2307 885 2366 ebrise'
877 2327 906 2366 ιιι
923 2305 1299 2384 pertes,unu1n,panibus

240 2395 299 2454 suis
314 2397 520 2470 reconcilietis,
541 2399 616 2475 ignis
631 2417 753 2478 corpus,
776 2400 850 2458 neris
870 2399 929 2457 duo
951 2399 1038 2456 lacit:
1063 2398 1220 2476 portiones
1231 2415 1297 2454 vero

224 2487 313 2545 'neris
329 2507 365 2546 ex
386 2507 444 2546 uua
463 2489 602 2547 drssolutn
622 2503 705 2568 perte
723 2489 810 2548 duo
803 2492 876 2568 ignis
893 2507 1018 2567 corpora
1039 2489 1172 2546 fuciunt:
1203 2505 1297 2548 rursus

243 2579 361 2656 quando
375 2579 449 2656 ignia
470 2577 510 2638 sb
525 2599 605 2651 acre,
624 2582 669 2639 vel
690 2601 781 2659 equa,
804 2584 850 2640 vel
872 2593 949 2639 terra
967 2581 1063 2658 eliqua
1085 2593 1255 2658 occupatur,
1271 2593 1297 2638 et

241 2671 303 2749 ipse
317 2671 433 2750 quidem
448 2691 557 2751 paucus
573 2674 603 2731 in
624 2675 721 2734 multis
737 2687 883 2744 movetur,
904 2685 991 2751 atque
1010 2675 1039 2732 iu
1060 2674 1176 2751 qu'totis
1193 2685 1296 2751 pugnat

235 2761 418 2842 'metatusque
432 2764 618 2836 distrahitur,
631 2767 691 2824 duo
707 2785 832 2846 corporo
843 2766 916 2843 ignis
931 2765 961 2823 in
982 2767 1107 2843 speciem
1121 2767 1198 2823 neris
1215 2783 1295 2822 unnnr

239 2868 442 2916 concrescunt:
457 2857 561 2916 deinde
573 2873 708 2936 superum
723 2877 789 2918 aere
804 2874 890 2936 atque
901 2857 1041 2935 disperso,¹
1053 2877 1089 2916 er
1103 2861 1173 2916 totis
1185 2855 1295 2915 duobos

239 2958 326 3025 etque
340 2947 462 3007 dimidio
484 2969 542 3007 une
568 2969 650 3028 aquae
672 2963 733 3010 tota
756 2952 865 3029 species
887 2951 1043 3010 coalescit:
1061 2949 1187 3027 deniqne
1209 2951 1250 3007 sio
1266 2967 1295 3006 ee

238 3055 338 3096 nesus
358 3039 587 3100 consideremus:
603 3043 741 3118 quotiens
763 3042 800 3102 ab
823 3045 888 3121 igne
915 3042 1155 3120 comprehensum
1176 3042 1294 3100 aliorum

238 3136 327 3207 genus
351 3131 468 3210 aliquod
486 3133 656 3210 angulorum
682 3132 862 3214 laterumque
879 3135 969 3212 ipsius
993 3135 1127 3192 acumine
1148 3131 1294 3204 scinditur,

238 3221 431 3282 bundenum
453 3224 579 3304 discerpi
597 3225 714 3298 desinit,
731 3245 822 3303 qurum
840 3228 869 3284 in
891 3226 965 3303 ignis
978 3237 1112 3283 naturam
1132 3224 1294 3282 transierit:

237 3313 329 3372 simile
344 3317 422 3375 enim
440 3317 574 3395 idemque
590 3339 679 3398 genus
698 3319 850 3397 quodlibet
866 3339 882 3376 a
904 3317 989 3376 simili
1007 3317 1169 3395 eodemque
1183 3318 1295 3376 minime

237 3407 348 3483 patitur
365 3429 373 3464 :
397 3429 548 3488 quousque
563 3431 633 3470 vero
646 3413 676 3469 in
689 3411 767 3470 aliud
781 3423 970 3490 permutatur,
991 3407 1222 3487 imbesillinsque
1235 3427 1293 3466 eun

238 3499 402 3574 potentiore
417 3500 555 3574 luctatur,
570 3501 688 3562 dissolvi
702 3523 761 3561 non
776 3504 881 3562 desinit
893 3525 899 3560 ι
913 3521 1012 3561 rursus
1026 3501 1146 3579 quande
1161 3501 1294 3560 minorue

238 3587 334 3648 multis
348 3591 506 3668 majoribus
519 3583 714 3654 circumventa
729 3609 804 3670 sunt,
820 3609 849 3653 et
861 3613 954 3673 pauca
968 3595 1091 3653 lacerata
1105 3593 1294 3669 exstinguan-

171 3712 179 3722 ν
238 3693 290 3740 tm·
286 3701 385 3788 ,quum
398 3683 426 3741 in
440 3685 579 3745 vincentis
591 3688 684 3746 ideam
696 3687 832 3746 constitui
848 3689 946 3754 velint,
956 3697 1069 3744 cessum
1081 3685 1243 3760 exstingui,
1253 3685 1295 3740 lit-

239 3793 296 3853 que
308 3795 344 3834 ex
355 3776 413 3854 igni
429 3795 487 3848 aer,
504 3799 540 3836 ex
554 3801 619 3838 nere
634 3799 731 3858 arque:
746 3779 864 3857 quod
843 3799 866 3838 st
880 3780 911 3836 in
925 3780 986 3836 baec
1001 3777 1139 3835 transitus
1152 3777 1254 3847 luerit,
1268 3787 1293 3832 et

239 3866 361 3925 aliorum
380 3857 499 3946 aliquod
521 3889 610 3947 genus
626 3873 790 3950 impugnet,
817 3891 876 3928 non
900 3883 1010 3928 cessant
1035 3870 1141 3947 agitata
1167 3867 1291 3937 dissolui,

237 3957 403 4037 piusquam
419 3975 469 4020 out
482 3961 600 4020 omnino
607 3980 716 4039 ,qtttm
729 3962 907 4022 dissolubilia
919 3963 991 4030 sint,
1007 3959 1128 4039 depulso
1142 3959 1181 4018 sd
1196 3977 1293 4035 cogea-

240 4061 301 4107 tum
316 4053 480 4131 relngrnut.
500 4068 549 4112 aut
567 4069 730 4133 expugnata
744 4055 773 4113 in
791 4073 878 4113 unttm
895 4051 1035 4131 quiddam
1048 4071 1084 4110 ex
1098 4051 1199 4110 suabis
1214 4067 1293 4125 supc-
1374 4057 1375 4062 ’
