2716 4686
281 419 318 486 P.
344 415 581 490 VALENTIAE
606 415 883 490 ACADEMICA.
1047 418 1114 492 105

62 555 91 606 et
104 538 196 604 veluti
207 559 289 602 verae
301 553 462 627 certeque
478 539 519 605 de
535 561 731 627 unaquaque
747 563 783 604 re
797 539 967 629 opiniones
985 563 1023 606 ac
1039 543 1116 607 uni·

62 644 182 708 venales
199 641 401 732 cognitiones
424 660 533 708 mente
553 645 722 732 repositae,
754 644 984 732 memon'aeque
1004 669 1116 712 retunt

62 750 193 814 sensibus
214 765 451 838 pereeptarum.
469 752 631 816 Sensuum
653 754 740 816 enim
762 752 1014 840 comprehensio
1033 775 1117 842 prae·
1169 785 1172 792 ·

61 854 152 938 cedit,
178 871 216 920 ut
242 871 321 944 puta
346 857 393 920 rei
410 857 506 941 visae,
527 872 566 921 ut
582 857 725 922 hominis
741 873 774 922 et
790 858 868 946 equi
897 873 930 923 et
947 857 1039 925 bovis
1059 858 1117 924 ali-

60 960 176 1047 quando
185 976 439 1050 conspectorum
453 985 461 1028 :
475 979 546 1028 tum
561 963 673 1028 formae
684 963 761 1052 ipsae
772 985 810 1028 ac
825 964 895 1053 typi
908 987 1016 1029 rerum
1030 967 1119 1055 apud

59 1085 186 1133 mentem
203 1067 352 1134 adnotati
373 1085 406 1134 ct
426 1069 550 1135 conditi
569 1087 755 1153 servantur,
770 1093 855 1159 quos
872 1072 971 1137 rebus
989 1071 1065 1136 dein
1084 1071 1118 1136 in

58 1190 209 1260 postemm
227 1175 304 1240 visis
322 1175 616 1242 accommodamus.
637 1176 715 1242 Non
741 1177 830 1242 enirn
849 1177 890 1242 de
907 1201 960 1261 re,
977 1200 1049 1267 quae
1065 1201 1120 1267 ap-

58 1295 147 1366 paret,
164 1303 385 1370 quereremus
400 1302 546 1371 equusne
563 1284 618 1365 sit,
633 1307 675 1347 an
691 1284 769 1364 bos,
788 1284 850 1348 nisi
867 1284 944 1372 equi
959 1283 1118 1373 bovisque

57 1398 158 1473 typum
180 1402 292 1452 niente
314 1403 523 1471 teneremus,
551 1411 617 1454 una
638 1412 714 1455 curn
731 1389 886 1472 vocibus,
911 1389 1031 1478 quibus
1048 1390 1117 1454 haec

57 1491 275 1579 significantur.
292 1493 458 1584 Principio
468 1495 554 1561 enim
572 1519 623 1561 res
634 1497 702 1585 ipsa
715 1497 862 1560 sensibus
881 1497 1025 1585 capitur,
1044 1513 1115 1560 turn

57 1597 115 1676 ejus
131 1621 251 1664 nomen
271 1599 425 1666 ediscitur
442 1625 450 1666 :
467 1601 557 1691 quod
572 1603 667 1666 etiam
681 1601 813 1666 evidens
829 1618 863 1666 et
878 1617 966 1666 entra
982 1618 1116 1666 contro·

55 1703 178 1768 versiam
203 1721 263 1770 est.
284 1707 360 1771 Non
378 1708 466 1771 enim
481 1709 736 1772 controvertitur
757 1705 798 1771 de
817 1707 901 1772 bove
918 1707 1009 1787 viso,
1032 1706 1115 1770 sitne

56 1806 113 1886 ejus
129 1810 266 1874 latinum
292 1833 414 1875 nomen
433 1813 515 1876 bos?
535 1811 659 1876 Videor
690 1813 759 1876 haec
778 1812 869 1876 facile
890 1811 1064 1900 explicare,
1087 1812 1115 1876 si

57 1910 163 1994 dioem,
179 1915 378 2005 Epicurum,
393 1917 472 1990 dum
487 1940 600 1982 sensus
618 1933 723 1982 certos
740 1915 833 2002 dicit,
851 1915 940 1983 dere
956 1916 1115 1998 indicata,

55 2037 85 2080 ac
101 2019 186 2106 quasi
202 2019 245 2084 de
263 2020 411 2100 subjecto
429 2019 568 2086 dubium
589 2045 657 2086 non
675 2043 762 2104 esse,
784 2020 901 2088 dicere.
926 2023 1040 2105 Quum
1056 2045 1115 2086 au-

55 2135 109 2186 tem
123 2125 288 2213 prolepses
307 2141 409 2190 certas
425 2126 578 2214 appellat,
605 2125 646 2190 de
662 2125 835 2214 praedicato
852 2127 947 2192 etiam
967 2149 1035 2192 non
1051 2126 1115 2191 du·

54 2224 134 2292 hitari
146 2279 154 2312 ,
168 2229 349 2313 affirmare,
366 2230 423 2296 sed
439 2230 480 2295 de
496 2232 669 2321 opinione,
687 2232 721 2296 id
734 2247 799 2310 est,
812 2232 853 2297 de
867 2255 1032 2316 connexo,
1047 2234 1114 2298 sive
1221 2225 1223 2228 ⁵

54 2335 273 2423 propositione.
292 2336 442 2402 Clemens
456 2335 692 2402 Alexandrinus
711 2337 756 2426 (1)
772 2335 814 2401 de
834 2338 995 2428 Epicuro:
1011 2339 1114 2403 «Pro-

53 2437 143 2528 lepsin
156 2466 236 2509 vero
248 2441 364 2509 definit
377 2444 623 2508 annotationem
637 2444 703 2508 sive
716 2444 1028 2510 animadversionem
1047 2445 1118 2534 [ad

54 2547 190 2630 verdum,
205 2547 440 2639 adjectionem]
459 2550 559 2614 animi
576 2550 617 2615 de
635 2549 776 2615 evidenti
792 2551 920 2640 aliquo,
938 2551 1028 2616 etde
1046 2553 1112 2616 evi-

53 2648 129 2718 denti
141 2655 189 2719 rei
201 2656 338 2720 notione
352 2679 361 2720 z
378 2678 447 2719 non
457 2677 554 2745 posse
567 2672 676 2720 autem
690 2677 889 2745 quemquam
906 2680 1013 2745 neque
1028 2677 1114 2745 quae·

53 2777 127 2842 rere,
146 2783 209 2826 nec
223 2760 390 2844 dubitare,
411 2785 471 2826 nec
485 2762 611 2851 opinari
626 2760 779 2851 quidem,
801 2785 839 2828 ac
855 2773 962 2850 neque
978 2785 1113 2853 arguere

53 2861 108 2929 sive
120 2869 330 2951 convincere,
346 2869 415 2933 sinc
434 2867 606 2958 prolepsi».

90 2971 136 3036 86.
152 2974 354 3038 Affectiones
371 2991 500 3052 autem,
527 2974 644 3058 idest,
667 2985 702 3038 sd
717 2983 784 3042 edm
807 2974 974 3063 (namque
996 2991 1029 3039 et
1053 2975 1112 3040 has

53 3075 164 3140 criteria
183 3079 308 3142 censeri
331 3079 373 3142 ab
395 3080 538 3169 Epicuro
557 3079 828 3166 adnotabamus),
844 3079 911 3143 duo
928 3079 1005 3168 ipsis
1022 3096 1114 3163 sunt,

54 3179 193 3270 uoluptas
213 3199 246 3247 et
266 3183 378 3268 dolor,
404 3208 477 3273 quae
498 3185 718 3250 animantibus
746 3185 901 3248 oinnibus
927 3184 1113 3250 obveniant.

53 3281 198 3375 Voluptas
214 3287 364 3376 quidem,
381 3291 430 3354 uti
446 3307 570 3355 naturae
588 3289 890 3374 accommodatum
910 3287 1005 3352 dolor
1022 3311 1114 3373 vcro,

53 3403 85 3450 ut
96 3391 339 3458 incommodum
354 3412 386 3460 et
395 3419 414 3459 a
424 3411 541 3460 natura
552 3397 705 3462 alienum.
720 3397 848 3460 Horum
859 3395 960 3484 igitur
971 3394 1113 3460 duorum

53 3491 163 3578 ductu,
189 3521 263 3586 quat
284 3522 398 3588 capere
417 3517 582 3590 oporteat,
607 3519 640 3566 et
664 3525 737 3590 quae
762 3499 923 3566 declinare
949 3500 1114 3592 expediat,

51 3595 181 3674 iudicare
203 3603 363 3693 Epicurus
381 3605 487 3685 jussit.
513 3606 613 3689 Nam,
636 3629 710 3694 quae
726 3606 926 3694 voluptatem
949 3605 1114 3689 afferunt,

53 3702 204 3793 eligenda3
231 3732 304 3799 qum
332 3709 499 3793 dolorem,
517 3710 673 3802 fugienda
700 3731 779 3776 esse.
805 3711 882 3775 -Tn'a
906 3711 1008 3800 igitur
1026 3711 1114 3794 haec,

52 3827 170 3895 sensus,
184 3814 366 3904 prolepses,
383 3832 416 3882 et
432 3816 640 3899 affectiones,
654 3817 825 3907 perspicua
839 3816 1037 3898 esseaiebat,
1052 3837 1114 3880 nec

53 3910 88 3977 de
101 3916 157 3982 illis
173 3919 325 3986 dubitare
347 3938 511 4010 oportere,
526 3920 584 3987 sed
601 3921 739 3986 ducibus
756 3923 807 3988 uti
822 3921 864 3988 ad
888 3911 946 4005 ea,
960 3943 1031 4009 quae
1044 3943 1116 4010 per-

82 4135 117 4206 (¹)
133 4143 242 4194 Suomu.
253 4144 297 4194 lib.
306 4149 339 4204 11,
354 4163 407 4211 cap.
418 4155 449 4208 a,
462 4163 517 4212 pag.
530 4149 590 4210 437,
604 4149 658 4197 init.
671 4159 730 4198 tom.
741 4151 762 4198 1.
