2762 4682
320 393 359 460 r.
380 389 619 465 VAIAENTIAE
638 390 922 476 ,lclnsmca
1110 387 1155 461 ss
1197 339 1201 348 ⁵

94 509 274 598 [(1)Hanc
300 501 505 578 Academiam
532 535 651 580 novam
668 511 847 604 appellant,
870 533 942 600 quae
965 511 1048 576 inibi
1065 527 1157 578 vetus

91 615 235 696 videtur,
251 616 279 680 si
297 615 432 704 quidem
460 619 631 685 Platonem
657 641 697 684 ex
718 618 771 682 illa
798 633 906 684 vetere
925 621 1156 700 numeramus,

90 721 179 800 cujus
197 721 345 789 inlibris
371 721 454 790 nihil
480 723 682 804 affirmatur,
709 723 802 790 etin
833 739 1010 812 utramque
1031 740 1157 813 partem

91 827 190 892 multa
207 825 431 913 disseruntur,
455 828 497 895 de
512 829 667 895 omnibus
685 829 856 918 quaeritur,
883 826 965 893 nibil
979 830 1059 894 certi
1077 827 1158 894 dici-

89 933 194 1023 tur]=.
212 933 306 1000 Hanc
321 931 468 1000 camdem
487 937 647 1002 rationem
665 952 823 1024 sequutus
841 949 890 1000 est
905 934 1103 1016 Carneades,
1120 953 1159 1000 ut

88 1040 195 1104 statim
216 1040 375 1129 posthaec
390 1041 505 1107 Cicero
521 1042 617 1126 dicit,
641 1057 673 1108 et
689 1042 848 1106 Eusebius
865 1041 911 1130 (a)
936 1063 944 1106 :
963 1071 975 1095 a
989 1041 1033 1104 Ea
1056 1039 1158 1106 dissa-

90 1145 180 1210 mndi
197 1147 304 1219 forma
319 1169 397 1213 usus
416 1163 479 1227 est,
494 1173 557 1238 qua
573 1166 606 1215 et
620 1149 777 1216 Arcesilas
796 1172 804 1212 ε
822 1149 942 1212 etenim
958 1165 990 1212 et
1009 1147 1077 1235 ipse
1090 1147 1157 1212 dis-

91 1253 249 1340 putationi
259 1254 293 1318 in
306 1270 614 1346 utramquepartem
628 1277 759 1344 operam
773 1254 901 1320 dabat».
914 1252 1005 1320 Idem
1017 1252 1157 1319 docendi
1185 1241 1187 1248 ’

91 1381 190 1448 genus
205 1359 369 1449 optimum
388 1361 605 1441 existimatum
621 1378 654 1426 et
664 1361 704 1428 ab
722 1360 875 1427 omnibus
893 1357 1092 1428 Academicis
1108 1382 1159 1424 re·

91 1479 219 1542 tentum,
235 1465 379 1532 Galenus
406 1467 558 1551 tradidit,
584 1467 695 1542 libello
716 1465 870 1532 adversus
894 1468 979 1530 hanc
1003 1464 1159 1544 doctrine

92 1572 248 1640 rationem
269 1575 413 1663 scripto,
433 1575 527 1656 cujus
549 1575 647 1640 index
663 1589 730 1656 est,
749 1583 808 1654 Πιρὶ
823 1583 908 1654 aptent
924 1578 1108 1647 διδασκαλίας,
1124 1570 1159 1636 id
1217 1571 1221 1580 ’

92 1693 152 1760 est,
164 1680 211 1744 De
223 1683 345 1768 optimo
360 1681 497 1746 &cendi
507 1679 626 1746 Gencre
640 1683 736 1771 (pag.
752 1685 816 1766 497
829 1679 841 1766 )
854 1703 863 1760 ;
886 1679 1036 1765 illiusque
1060 1676 1159 1743 linem

92 1801 209 1850 veteres
225 1785 437 1853 Academicos
453 1788 609 1876 Epccben
623 1785 741 1850 dixisse
756 1800 1000 1849 commemorat.
1017 1784 1056 1847 ln
1075 1782 1158 1850 Pha-

93 1891 203 1955 torino
210 1907 337 1974 autem,
347 1892 404 1980 qui
413 1893 571 1958 rationem
585 1893 670 1956 hanc
681 1891 890 1955 vehementer
902 1887 1158 1970 commendarit,

94 1996 299 2084 reprehendit
307 1996 466 2081 Galenus,
480 1999 588 2087 quod,
599 1995 818 2078 omnijudicio
831 1995 977 2075 sublato,
993 1992 1158 2084 discipulis

95 2103 299 2183 sententiam,
314 2125 387 2191 quae
396 2103 518 2192 optima
529 2101 693 2185 videatur,
705 2099 886 2190 eligendam
896 2099 1072 2188 reliquerit.
1082 2099 1157 2162 Non

96 2223 173 2272 caret
187 2224 299 2272 tamen
312 2207 520 2272 excusatione
531 2208 753 2272 Phavorinus:
772 2229 847 2270 nam
861 2203 1022 2294 probandi
1036 2203 1158 2292 species

96 2327 152 2394 est,
168 2328 206 2377 ut
222 2311 476 2403 explicabamus,
493 2335 557 2401 qua
575 2313 714 2402 quisque
730 2335 809 2394 usus
824 2310 1024 2400 probabilius
1041 2307 1159 2398 digno·

96 2433 271 2508 metatque
287 2434 403 2482 sumet
428 2419 504 2482 Non
524 2419 616 2482 'enim
637 2417 774 2484 decretis
792 2416 944 2482 carebant
959 2413 1157 2495 Academici,
1287 2493 1288 2496 Ἴ

97 2521 147 2586 sm
161 2546 233 2611 quaa
249 2522 379 2588 decreta
396 2525 589 2614 selegerant,
600 2523 801 2612 probabilia,
818 2546 885 2588 non
891 2533 1042 2612 percepta
1060 2535 1157 2608 puta·

96 2625 176 2693 bant.
193 2630 302 2718 Atque
317 2629 403 2694 hane
418 2626 686 2694 Academicorum
702 2629 884 2698 libertatem
904 2627 1080 2717 respexisse
1098 2647 1158 2713 po·

97 2735 342 2800 tius'Horatium
357 2733 404 2824 (3)
420 2732 631 2817 crediderim,
655 2759 758 2824 quum
776 2735 930 2800 scriberet
946 2757 954 2799 τ

211 2901 251 2948 Ac
262 2915 294 2950 ne
306 2899 370 2948 forte
382 2915 467 2964 roges,
479 2914 530 2963 qno
543 2915 583 2948 me
593 2898 673 2960 duce,
687 2915 739 2964 qno
750 2903 809 2949 Iam
823 2900 906 2948 tuter?

210 2986 310 3036 Nullius
322 2987 435 3035 addictus
445 2988 527 3050 jurare
539 2987 565 3035 in
578 2986 651 3036 verba
664 2987 784 3051 magistri,

212 3077 271 3139 Quo
283 3091 322 3124 me
333 3091 438 3140 eumque
446 3075 511 3140 rapit
521 3086 665 3142 tempestas,
677 3075 773 3124 deseror
783 3074 889 3141 hospes:

99 3253 187 3318 quam
208 3229 342 3294 illorum
360 3229 632 3320 pbilosophorum
656 3231 862 3311 institutum,
887 3231 943 3317 qui
962 3238 1108 3298 intentant,
1124 3227 1158 3292 id

99 3353 155 3415 est,
171 3336 347 3418 selectores,
363 3352 442 3401 sunt
465 3337 684 3426 cognominati
702 3359 711 3402 ε
733 3335 793 3400 alia
816 3336 923 3418 enim,
938 3351 976 3399 ut
993 3333 1157 3416 dicemus,

99 3463 153 3507 nec
167 3442 211 3507 ita
226 3443 327 3507 libera
343 3445 482 3507 istorum
496 3443 600 3525 ratius
613 3459 666 3525 et,
690 3459 728 3509 ut
745 3442 917 3526 existimo,
936 3456 1011 3530 post
1033 3441 1159 3506 Horatii

99 3563 214 3613 aetatcm
231 3548 376 3638 primum
390 3546 531 3613 inventa.

103 3667 108 3682 ·
137 3650 188 3716 63.
205 3650 399 3740 Exemplum
414 3672 492 3714 vero
511 3649 609 3732 hujus
625 3651 659 3714 in
676 3649 852 3739 Disciplina
872 3647 1028 3716 tradenda
1046 3649 1159 3714 formae

102 3757 186 3821 multi
200 3755 382 3838 Plutarchi,
399 3777 578 3844 omnesque
592 3757 639 3821 M.
652 3756 750 3820 Tullii
766 3757 983 3846 philosophici
995 3756 1069 3820 libri
1083 3779 1163 3822 con«

133 3979 168 4043 (1)
188 3983 275 4042 Omnia
287 3982 356 4040 baec,
369 3983 455 4030 omissa
468 3980 615 4042 nValentia,
627 3983 753 4047 subjungit
763 3983 902 4042 Dnrandus.

135 4066 170 4134 (a)
188 4071 222 4118 lle
237 4072 314 4136 Proep.
323 4071 417 4134 Ιίνιιις.
427 4069 470 4119 lib.
482 4073 552 4130 xlv,
561 4087 618 4136 cap.
632 4087 658 4134 7,
672 4087 728 4137 pag.
738 4073 803 4145 736,
818 4070 844 4121 d.

136 4157 171 4224 (3)
188 4160 264 4224 Epist.
278 4175 302 4224 1,
315 4159 359 4208 lib.
369 4159 395 4220 1,
406 4175 453 4210 sss.
465 4157 513 4225 13,
530 4167 575 4224 14,
594 4161 634 4210 1⁵.
