2770 4688
426 359 755 436 mrnooucno.
1064 323 1121 440 '13

68 493 191 582 simplici
213 483 484 555 Academicorum
506 485 666 567 editione,
692 505 753 550 neo
777 484 817 548 de
844 485 978 550 Luctdlo
1002 503 1067 552 tres
1085 491 1120 554 iu

67 600 153 662 libros
168 591 373 668 divellendo‚
385 591 550 680 probabile
563 587 740 679 quidquam
754 611 823 654 esse
836 591 1007 655 monitum.
1030 591 1120 659 Idem

65 725 184 790 prorsus
205 701 306 764 etiam
329 696 370 762 de
392 697 548 773 devolet,
573 717 644 784 quae
663 695 705 761 de
725 695 832 783 primo
854 696 978 760 Luculli
1000 701 1119 786 capite,

63 825 218 895 tamquam
237 803 352 892 spurio
372 801 562 866 afferuntur.
582 800 631 864 Ad
650 823 685 864 ea
706 798 859 889 pleraque
878 817 986 866 nostra
1004 821 1120 892 sponte

63 915 91 975 in
109 911 320 976 adnotatione
338 906 380 970 ad
402 907 467 971 hoe
488 923 585 995 eaput
608 907 805 994 respeximus
830 904 927 994 (nam
945 907 1012 972 hec
1028 910 1118 997 prius

62 1018 141 1106 prela
162 1017 356 1103 reliquerat,
381 1035 478 1100 quam
503 1011 629 1077 libellus
652 1012 705 1076 ille
726 1009 876 1076 ederetur
889 1011 920 1100 ):
941 1029 973 1076 et
996 1015 1119 1103 reliqua

63 1126 123 1202 ejus
136 1123 264 1213 generis
280 1137 374 1202 sunt,
392 1135 430 1183 ut
444 1141 477 1184 se
492 1119 560 1206 ipsa
571 1117 726 1206 prodant,
742 1141 772 1184 v.
786 1141 812 1182 c.
833 1117 922 1206 quod
931 1141 1118 1208 ponerepro
1182 1115 1185 1124 ’

65 1230 257 1309 existimare,
280 1240 415 1289 mutere
437 1222 477 1288 de
501 1225 646 1312 personis
671 1223 858 1312 simpliciter
880 1225 1028 1288 Ciceroni
1051 1249 1118 1290 non

64 1332 193 1416 dicatur,
220 1332 316 1412 cujus
341 1347 449 1395 tamen
473 1351 550 1394 usus
573 1329 732 1394 Mencken
757 1329 850 1394 Obss.
876 1349 908 1417 p.
938 1331 1019 1418 763,
1050 1355 1116 1421 seq.

64 1441 276 1528 exemplorum
291 1437 416 1501 nubem
431 1436 601 1526 congessit.
620 1435 710 1500 Nihil
725 1436 824 1524 igitur
840 1437 909 1499 boec
926 1438 1059 1520 morati,
1076 1438 1116 1503 ad

64 1561 192 1608 nostram
207 1544 484 1632 qualemcumque
499 1541 549 1604 his
562 1538 603 1605 de
618 1541 706 1604 libris
723 1541 913 1605 sententiam
924 1543 1099 1631 pergimus.

99 1651 211 1713 Erista
221 1649 324 1739 igitur
332 1646 527 1710 refutatione
536 1645 600 1709 ltoc
610 1645 703 1709 nobis
713 1645 792 1709 lucri
803 1647 970 1710 accessisse
978 1647 1116 1730 videtur,

65 1769 95 1816 ut
109 1755 139 1816 in
159 1753 221 1818 hac
245 1767 358 1816 nostra
376 1768 486 1815 mente
503 1749 689 1838 explicanda
706 1749 909 1814 brevioribus
928 1773 996 1815 esse
1013 1752 1116 1819 liceatt

65 1857 133 1922 llam
152 1851 319 1939 diversos,
338 1879 399 1921 neo
414 1853 557 1938 ejusdem
576 1854 747 1936 editionis,
771 1855 870 1920 libros
887 1878 955 1920 esse
973 1857 1115 1944 primum

64 1981 91 2028 et
116 1965 317 2045 secundum,
343 1965 401 2050 qui
429 1962 535 2038 adhue
565 1977 739 2050 superant,
766 1959 1060 2028 Academicorum:
1082 1965 1116 2029 in

64 2071 286 2156 posterioribus
301 2085 427 2149 autem,
443 2067 619 2156 etquidem
635 2067 668 2130 in
687 2061 840 2131 omnibns
858 2067 903 2130 lv
917 2067 1025 2151 libris,
1038 2070 1117 2133 Var-

65 2175 124 2238 roni
136 2175 292 2264 colloquii
306 2189 412 2262 partes
424 2173 521 2236 luisse
534 2173 714 2260 primarias,
728 2173 802 2237 satis
814 2173 847 2236 in
860 2173 1114 2261 precedentibus

65 2277 196 2346 docuisse
214 2280 316 2344 nobis
337 2277 496 2342 videmur.
520 2279 682 2365 Utrosque
703 2279 796 2342 etiam
814 2299 889 2342 vere
908 2301 976 2344 esse
994 2279 1114 2365 editos,

66 2407 96 2448 er
116 2405 186 2451 ante
205 2385 385 2475 propositis
411 2384 517 2465 facili,
542 2398 574 2448 et
603 2385 678 2448 satis
702 2401 789 2448 certo
810 2383 933 2464 judicio
959 2389 1115 2476 consequi

65 2489 198 2554 ridetur:
217 2487 386 2556 sedidem
404 2508 443 2551 ex
461 2488 612 2575 singulari
632 2477 774 2575 quodam
791 2488 882 2570 loco,
898 2511 996 2576 quem
1013 2491 1116 2556 inter·

66 2611 154 2678 pretes
180 2593 347 2683 negligere
368 2591 401 2654 b.
428 2591 448 2655 l.
475 2613 542 2654 non
567 2588 746 2673 debebant,
774 2589 951 2656 evidentius
974 2595 1116 2682 expediri

66 2719 145 2782 pinse
158 2699 304 2765 videtur.
318 2700 385 2762 Att.
401 2697 499 2778 Xlll,
516 2717 566 2784 ep.
582 2719 634 2761 as.
651 2696 798 2760 Suaserat
812 2698 938 2762 Atticus
951 2699 1116 2784 Ciceroni,
1255 2683 1258 2690 ¹

66 2821 96 2866 nt
109 2807 139 2869 in
155 2807 226 2871 loco
242 2804 373 2892 aliquo,
391 2801 433 2867 ad
450 2825 590 2892 graemm
607 2803 742 2867 verbum
759 2815 868 2881 ἐπέχειν,
884 2827 975 2868 novae
992 2801 1115 2872 ¹Acade·

66 2909 124 2972 miae
134 2911 324 3000 proprium,
338 2907 599 2997 exprimendum,
612 2930 673 2996 pro
687 2909 786 2972 verbo
797 2911 967 2989 sustinere,
982 2911 1117 2978 inlatam

66 3033 247 3098 poneretur:
264 3013 324 3079 scd
339 3014 394 3078 hic
409 3012 457 3091 id,
473 3015 647 3103 probatum
660 3031 767 3095 autea,
785 3037 873 3080 nunc
889 3016 1005 3098 rejicit,
1022 3041 1117 3106 repo·
1199 3101 1202 3108 Ι

67 3121 152 3207 nique
170 3120 253 3186 illud
274 3119 369 3199 jubet
390 3119 439 3183 his
461 3119 591 3183 verbis:
607 3120 741 3203 «Quare
762 3120 874 3200 facies,
896 3136 934 3183 ut
952 3121 997 3184 ita
1018 3123 1059 3186 sit
1081 3125 1116 3187 in

67 3222 151 3308 libro,
164 3223 443 3316 quemadmodum
456 3225 526 3289 fuit.
544 3225 639 3290 Dices
655 3227 719 3290 hoc
731 3224 817 3288 idem
826 3225 978 3308 Varroni,
994 3228 1021 3291 si
1034 3227 1046 3316 (
1054 3229 1113 3314 sio,

68 3353 123 3396 non
140 3338 214 3416 urii,
239 3357 303 3400 scr.
324 3332 497 3398 adderetur
511 3333 585 3397 alias
601 3333 685 3422 ipse)
709 3333 793 3396 forte
815 3335 971 3398 mutavit:
989 3355 1115 3403 necess

68 3439 165 3505 melius
187 3441 386 3530 quidquam,
409 3461 505 3527 quam
524 3455 562 3502 ut
581 3439 910 3536 Lucullus'sustineat
928 3463 1059 3506 currum
1079 3461 1116 3507 ut

68 3541 159 3610 bourn
170 3569 253 3636 slepe
267 3547 414 3636 agitator,
428 3567 596 3632 equosque
607 3575 630 3609 ι.
646 3545 721 3608 llaec
734 3544 846 3610 Cicero
858 3545 898 3609 de
910 3546 992 3610 libro
1006 3548 1120 3637 aliquo·

69 3669 133 3728 sno,
148 3675 246 3739 quern
265 3651 362 3716 etiam
377 3649 480 3714 Varro
503 3649 699 3738 descriptum
717 3649 872 3732 habebat,
891 3652 1010 3739 quibus
1028 3655 1113 3737 vult,

69 3773 99 3818 ut
113 3758 161 3823 hic
176 3761 217 3825 ab
235 3760 345 3824 Attiou
363 3756 403 3822 de
419 3757 492 3822 loco
510 3757 565 3822 illo
580 3756 737 3822 mutando
756 3774 936 3822 moneatur.
955 3761 1023 3824 Jam
1042 3761 1115 3826 vide

69 3862 171 3930 Amdd.
188 3867 238 3947 Il,
256 3887 317 3952 29,
337 3869 397 3950 94,
415 3863 472 3926 ubi
487 3860 574 3926 idem
590 3860 744 3926 Lucullus
761 3862 827 3927 sic:
845 3893 858 3919 ι
869 3864 939 3952 Ego
956 3866 1060 3946 enim,
1077 3883 1115 3931 ut

68 3967 187 4052 agitator
199 3968 349 4049 callidus,
365 3968 455 4056 prius
467 3989 564 4055 mam
576 3965 617 4031 ad
631 3965 728 4030 finem
743 3967 887 4044 veniam,
901 3991 1003 4056 equos
1019 3970 1114 4032 susti·

69 4071 160 4138 nebo:
174 4097 280 4165 eoque
293 4074 412 4161 magis,
425 4072 452 4136 si
467 4072 555 4137 lucus
570 4070 614 4156 is,
628 4092 695 4159 quo
708 4071 854 4137 ferentur
867 4072 958 4160 equi,
974 4081 1114 4162 praeceps
