2756 4692
262 365 333 459 a7a
605 365 653 433 tu.
680 365 719 432 τ.
745 363 987 434 emmonis

210 573 212 578 Ι
261 481 447 572 audacius,
468 506 579 580 quam
603 483 662 555 ille
684 485 776 582 ipse,
793 483 839 556 de
856 507 933 581 quo
952 483 1096 581 loquor.
1118 488 1211 556 Cato
1235 488 1348 557 enirn

262 593 449 666 dumtaxat
468 591 514 664 de
535 595 784 693 magnitudine
804 595 934 682 animi,
954 592 999 665 de
1019 597 1268 682 continentia,
1290 596 1347 668 de

261 717 377 775 morte
388 715 431 792 ¹9,
448 702 492 774 de
509 708 610 774 omni
624 704 728 776 laude
743 705 885 776 virtutis
896 758 905 792 ,
915 702 961 774 de
974 702 1041 776 diis
1050 704 1344 787 immortalibus,

260 812 307 885 de
320 816 465 886 caritate
479 815 617 911 patriae,
633 815 744 885 stoice
761 814 869 898 solet,
884 815 1049 885 oratoriis
1057 825 1092 858 ²⁰
1104 818 1344 887 ornamentis

257 921 442 1010 adhibitis,
468 923 599 994 dicere.
627 927 703 1021 Ego
726 933 854 996 vero²¹
879 923 940 994 illa
964 926 1059 1022 ipsa,
1090 947 1174 1022 quaa
1196 927 1261 994 vix
1290 930 1340 994 in

256 1035 488 1131 gymnasiis²²
508 1035 590 1105 etin
603 1036 678 1106 otio
689 1035 791 1105 stoici
802 1032 979 1133 probant,
992 1032 1122 1104 ludens
1131 1031 1167 1078 ²³
1183 1037 1340 1130 conjeci

223 1160 240 1219 t
258 1150 295 1216 in
306 1169 518 1218 communes
530 1144 642 1216 locos.
656 1147 768 1234 Quae,
785 1147 870 1243 quia
888 1158 974 1215 sunt
987 1142 1231 1229 admirabilia,
1246 1170 1338 1215 con-

257 1268 383 1350 traque
407 1253 617 1350 opinionem
635 1255 802 1324 omnium
812 1255 858 1340 ²⁴,
880 1249 927 1322 ab
941 1251 1026 1350 ipsis
1041 1251 1150 1323 etiam
1165 1246 1338 1346 παράδοξα

257 1417 769 1483 dnobueManutinqnorumnnoaddituan
814 1418 857 1484 qui
873 1417 963 1482 ubique
979 1419 1095 1468 Catonem
1111 1417 1256 1482 eloquentia
1270 1421 1338 1466 enri-

256 1511 301 1549 eat.
315 1501 398 1548 Gaea.
814 1498 895 1546 nuiaae
917 1497 1043 1556 declarat,
1061 1497 1102 1544 hic
1119 1495 1260 1559 significare
1278 1499 1337 1546 vult

294 1595 335 1642 19.
346 1573 688 1637 Decontinentia,demorte.
699 1576 771 1625 aliri-
813 1576 932 1626 Catonun
953 1591 993 1624 eaa
1009 1575 1088 1623 aolum
1106 1575 1157 1622 auia
1176 1576 1336 1624 orationihus

256 1657 324 1706 tanni
339 1655 453 1722 qnidam,
471 1655 505 1704 ait
519 1656 630 1714 amnti,
644 1655 770 1720 corrigunt
812 1655 939 1702 iuaeruiaae
970 1654 1149 1719 disputationea
1180 1655 1208 1702 in
1241 1656 1336 1719 quibam

256 1736 288 1784 da
318 1735 497 1785 contemnenda
520 1746 605 1782 morte.
632 1734 695 1782 Natu
722 1733 769 1782 Ca·
813 1733 954 1782 Stoicicuua
963 1734 1110 1780 oeterianon
1120 1733 1334 1796 magnoperedia-

255 1827 338 1866 tonena
347 1833 397 1866 non
408 1815 438 1864 de
446 1825 537 1876 morte,
547 1812 590 1862 aed
600 1812 630 1862 de
640 1815 694 1875 ejua
706 1829 768 1861 con·
812 1812 943 1872 sentirem
957 1827 983 1860 aa
1000 1821 1080 1859 auteur
1099 1808 1219 1858 audaciua
1241 1811 1290 1859 hoe
1304 1813 1333 1859 in

256 1893 769 1962 temptudiaputaaaeu.Britannoaiutellige,
812 1905 885 1954 opere
902 1890 1040 1946 iacturum,
1058 1889 1101 1954 qui
1119 1888 1160 1936 vei
1185 1891 1330 1938 Stoicorum

255 1979 296 2024 1ο.
307 1974 447 2028 Wallerum
456 1984 480 2021 et
494 1973 541 2022 Th.
556 1971 633 2020 Bentl.
647 1997 679 2007 -
698 1971 768 2018 Uuua
812 1969 939 2018 Paradoxa
956 1980 1103 2018 tractaturua
1118 1968 1160 2017 alt.

254 2055 349 2102 Manat.
369 2075 381 2095 ι
392 2053 423 2101 de
441 2050 588 2108 constantia,
609 2049 640 2098 de
656 2060 734 2097 morte
746 2069 766 2098 a.
848 2064 891 2096 aa.
909 2049 960 2114 Ego
971 2063 1041 2096 varo.
1058 2047 1155 2096 Novem
1174 2033 1274 2097 Minna
1290 2051 1330 2097 ed.

254 2136 288 2180 Aa
313 2133 343 2181 de
365 2131 515 2179 continentia
543 2127 713 2194 disputabant,
737 2145 768 2177 ne
811 2129 913 2176 decena.
934 2131 1017 2186 riae,
1037 2129 1109 2176 Grut.
1132 2128 1219 2178 Graan.
1234 2129 1330 2176 addunt

254 2221 355 2276 propter
369 2210 520 2274 voluptatem
535 2217 576 2254 aut
588 2207 715 2254 utilitatem
726 2208 767 2267 jn·
810 2207 861 2257 atti.
874 2206 921 2256 Ed.
939 2209 1003 2256 Van.
1025 2207 1101 2268 1487.
1118 2210 1227 2270 llervag.
1249 2209 1329 2266 1540,

254 2291 320 2339 atitia
338 2301 363 2338 et
387 2288 503 2336 modestia
524 2287 717 2350 relinqueretur:
737 2285 768 2332 de
810 2285 1328 2350 Lngd.1556‚AneraoeeiiColon.Aga-ipp-

253 2381 344 2422 marte,
363 2382 418 2432 quae
435 2382 486 2414 non
505 2377 567 2414 earet
582 2365 728 2426 metuenda,
743 2375 767 2414 et
813 2366 889 2422 1563,
903 2367 978 2430 lang.
990 2364 1106 2413 Gothoir.
1123 2367 1199 2430 «Ego
1212 2377 1295 2413 anta·
1307 2387 1328 2414 υ.

253 2447 363 2496 aimiliter
371 2445 402 2493 de
412 2443 521 2508 reliquia.
809 2445 874 2494 Vict.
886 2448 902 2493 J
904 2455 949 2494 unt
960 2466 974 2487 u
984 2448 1037 2508 Ego
1048 2444 1093 2492 tihi
1103 2445 1145 2492 illa
1155 2469 1179 2494 κ.
1190 2445 1277 2493 Gau.

289 2541 331 2574 ao.
355 2521 476 2572 Oratoriis
497 2520 656 2571 ornamentis.
679 2522 716 2569 Ita
739 2523 765 2570 in
844 2539 890 2573 aa.
910 2524 960 2572 Via
976 2524 1001 2571 in
1016 2521 1161 2587 gymnasia's.
1182 2523 1244 2572 vid.
1258 2525 1326 2573 Orat.

251 2606 341 2664 Bruto,
354 2621 377 2653 c.
388 2605 430 2664 δι,
443 2600 643 2666 perfectissimum
656 2601 766 2649 Stoicum
808 2605 847 2662 11,
859 2603 875 2650 a*
884 2639 892 2663 ,
912 2619 960 2662 ao,
976 2613 1001 2650 et
1013 2605 1039 2660 1,
1061 2602 1109 2660 13,
1126 2601 1160 2649 56
1172 2615 1179 2650 :
1191 2622 1203 2644 ι
1214 2603 1326 2663 Etenim,

147 2687 151 2698 “
211 2691 213 2696 ’
251 2695 322 2734 voeat
331 2685 500 2736 Catonem,et
512 2689 592 2726 tamen
603 2679 638 2726 ait
649 2679 766 2742 eloqueu·
807 2685 900 2750 inquit,
910 2699 984 2749 quum
995 2683 1030 2732 illi
1041 2684 1066 2730 iu
1076 2682 1185 2730 dicendo
1194 2683 1327 2730 inciderint

251 2765 310 2814 tiam
327 2765 352 2811 in
371 2761 415 2810 illo
428 2776 478 2808 non
493 2757 631 2806 deaiderari.
651 2757 703 2808 atii
719 2757 764 2807 ad·
807 2763 869 2812 1001.
880 2799 887 2811 ‚
898 2797 922 2812 .‚
937 2773 965 2809 ut
978 2761 1009 2809 da
1024 2760 1071 2809 dii.
1083 2763 1194 2810 hamon,
1208 2761 1241 2808 d„
1252 2763 1325 2826 pitu.

252 2843 314 2892 dunt
327 2841 416 2899 nauis.-
429 2838 472 2888 κά
485 2853 618 2904 perperam·
636 2839 711 2887 Fece·
730 2865 765 2876 -
808 2855 845 2892 te.
856 2879 862 2890 .
873 2877 880 2892 .
892 2842 923 2890 de
933 2842 1103 2907 temperantia,
1116 2841 1147 2890 de
1158 2843 1326 2906 magnitudine

250 2922 354 2971 Addunt
364 2921 437 2968 nullis
450 2935 491 2967 aea
501 2915 557 2965 Ald.
569 2916 620 2964 duo
629 2917 695 2964 Oxx.
704 2917 761 2968 edd.
807 2923 895 2980 animi,
907 2920 937 2968 da
949 2922 1016 2968 omni
1029 2920 1127 2968 virtutia
1140 2937 1229 2985 genere
1243 2921 1274 2967 aia
1288 2921 1325 2966 di.

251 3013 344 3050 vertet
357 3000 586 3060 Lambinua‚quum
599 2995 688 3043 inuno
699 2995 764 3044 libro
808 3001 927 3063 rendum,
950 2999 1102 3059 clamabunt,
1125 2999 1222 3058 eredo,
1246 2999 1324 3048 omnia

250 3091 312 3129 easet
325 3103 338 3123 «
347 3079 386 3128 vel
400 3076 513 3126 oratoriia
526 3091 580 3122 orn.
590 3097 602 3116 n
615 3073 641 3120 in
653 3089 706 3122 uno
718 3077 763 3124 tts
808 3082 932 3145 gymnada
941 3091 1013 3143 atque
1024 3095 1108 3128 omnea
1117 3078 1324 3144 philosophorum

250 3159 316 3224 apud
326 3161 407 3208 Graiu.
417 3179 430 3200 ι
440 3153 614 3204 nonadhihltia
623 3174 643 3201 ».
656 3153 704 3201 sed
713 3156 763 3215 jana
807 3158 912 3217 acholae,
925 3175 967 3206 aua
980 3158 1033 3206 haec
1047 3174 1099 3205 eoae
1112 3159 1198 3205 omnia
1211 3157 1324 3221 propriu

250 3251 305 3286 ante
334 3239 466 3286 Gruterum
491 3233 596 3297 Langiua
622 3243 646 3279 et
667 3234 762 3283 Manat.
806 3239 868 3286 nihil
880 3238 981 3286 omnino
990 3236 1023 3285 ad
1035 3247 1158 3285 oratorem
1172 3237 1322 3300 puaineaen.

250 3315 320 3365 nullia
338 3325 527 3380 expunxerunt,
543 3328 588 3360 uec
603 3322 639 3360 eat
654 3311 680 3358 iu
697 3313 761 3362 atah.
806 3313 892 3368 Gna.

250 3405 274 3442 et
286 3394 353 3442 libria
364 3394 395 3442 al.
405 3397 530 3457 Recteqoe
541 3391 651 3440 Graevius
664 3405 760 3452 monet,
843 3391 884 3444 ai.
896 3396 991 3444 Ludens
1002 3393 1105 3458 conjeei.
1116 3393 1159 3442 Ad
1171 3392 1291 3442 ludicram
1299 3405 1323 3441 et

249 3473 494 3521 veremudumtaaat
504 3471 534 3520 de
547 3467 724 3535 magnit-(h.
740 3488 761 3521 e.
806 3473 958 3523 umbratilem
978 3473 1038 3538 atyli
1058 3471 1261 3522 exetcitatiouem
1282 3488 1322 3537 per

251 3551 467 3614 ainoudeoeteria,
475 3552 506 3600 de
513 3551 680 3616 magnitudine
688 3552 762 3600 animi
805 3554 875 3604 locoa
887 3570 1027 3603 communen
1038 3551 1149 3602 dilatavi.
1163 3556 1242 3601 Face.

250 3631 335 3681 aaltem
357 3629 436 3678 dicere
455 3631 548 3679 aolebat
567 3630 683 3679 adhibitis
701 3643 762 3680 orat.
843 3642 887 3691 at.
909 3634 1052 3698 Opinionem
1072 3631 1192 3682 omnium.
1215 3631 1320 3681 Duodea

250 3705 373 3772 ornam.)
397 3724 501 3756 atterere
525 3711 651 3758 veritatem
673 3721 763 3760 noatraa
806 3713 865 3764 ΔΜ.
878 3724 902 3762 et
912 3724 1018 3776 quatuor
1030 3714 1096 3760 Oax.
1108 3711 1177 3775 apin.
1191 3711 1320 3760 dominnm.

249 3789 333 3854 acript.
353 3785 475 3835 Guilielua.
489 3801 519 3833 ex
537 3803 586 3836 uno
603 3788 660 3836 cod.
675 3787 764 3852 probat
807 3791 875 3840 Idem
899 3792 983 3840 vitium
1004 3789 1166 3854 deprehendit
1198 3791 1225 3838 iu
1252 3791 1321 3840 codd.

249 3863 392 3916 hortatoriis
410 3879 458 3929 pro
479 3865 610 3922 oratoriia,·
631 3883 696 3916 unua
713 3870 761 3916 01.
807 3870 972 3934 Hemingema
986 3869 1136 3928 ott.1,1o,
1152 3871 1234 3930 5311,
1250 3885 1320 3932 9,9;

250 3945 763 4009 orationiaorn.Gaan.-·Quilegirolunt
806 3952 859 4008 nt,
881 3966 929 4010 ra,
949 3965 974 4010 7.
988 3952 1036 3998 Ox.
1059 3950 1093 3998 N.
1111 3949 1254 4013 opinionem
1273 3951 1321 3997 ual-

186 4029 189 4037 '
250 4020 764 4074 nallisornt.om.eonliteuturaaminine
805 4045 898 4093 goarem.
914 4031 998 4078 Gaea.
1014 4056 1050 4066 -
1063 4023 1209 4094 Παράδοξα.
1224 4029 1254 4076 Id
1267 4040 1316 4084 eat,

251 4104 299 4151 hoe
320 4104 466 4169 proemium
483 4099 637 4152 intellaaiaae.
660 4105 763 4168 Noater,
807 4107 961 4170 «mirabilia,
979 4123 1081 4172 quaque
1094 4119 1153 4156 aunt
1167 4117 1254 4156 contra
1266 4107 1316 4171 opi·
