2764 4688
295 366 546 438 Actutum.
573 369 610 452 1,
633 365 769 438 trouu
793 369 848 458 11,
865 368 897 442 8.
1067 375 1138 476 269

64 491 256 589 pientiam,
284 502 397 562 artem
426 484 593 575 vivendi,
612 511 694 584 quae
714 492 794 586 ipsa
817 513 862 562 ex
880 513 958 564 sese
979 492 1136 569 hebeat³

64 603 317 704 constantiam.
334 602 384 670 Ea
401 611 521 668 autem
536 599 738 670 constantia
754 600 784 670 si
803 599 895 672 nibil
912 601 1044 676 habeat
1058 633 1141 706 per·

65 713 158 809 cepti
171 725 210 782 et
224 711 382 808 cogniti,
397 733 544 807 quaero,
559 706 657 779 unde
671 723 755 782 nata
769 712 831 800 sit,
847 714 904 784 etl
919 738 993 810 quo
1007 717 1140 791 modo?

65 825 198 912 Quaero
218 821 347 908 etiam,
364 819 425 891 ille
444 817 654 912 virbonus,
671 821 736 915 qui
753 825 878 894 statuit
895 849 1043 897 omnem
1060 853 1140 901 cru·

65 934 198 1002 ciatnm
220 929 383 1029 perferre
396 925 424 1016 ⁵,
445 927 664 1000 intolerabili
683 927 809 1002 dolore
828 931 976 1006 lacerari
996 941 1139 1034 potius,

64 1066 173 1138 quam
193 1037 284 1114 aut⁶
300 1037 461 1112 officium
480 1037 631 1138 prodat,
650 1053 714 1110 aut
731 1037 862 1132 fidem,
882 1067 954 1114 cur.
967 1045 1048 1118 has⁷
1071 1049 1142 1122 sihi

65 1166 135 1224 tam
154 1175 286 1250 graves
307 1151 403 1248 leges
421 1153 656 1249 imposuerit,
679 1174 816 1247 quum,
832 1154 1073 1250 quamobrem
1091 1159 1141 1232 ite

65 1277 273 1362 oporteret,
292 1261 382 1332 nihil
401 1261 554 1334 haberet
566 1260 822 1358 comprehensi
831 1256 859 1353 ⁸,
879 1272 1063 1366 percepti,
1080 1294 1141 1341 co·

66 1492 137 1553 tiam,
164 1484 263 1552 flddaub
289 1504 313 1538 rt
338 1483 381 1538 uel
408 1485 581 1557 ἀμετάπτωτον
624 1488 727 1538 secedit.
740 1492 799 1540 Em.
812 1491 845 1540 sd
857 1491 982 1559 vulgatam
995 1495 1076 1548 rediit.
1093 1497 1144 1548 Sed
1244 1537 1247 1546 .

64 1571 185 1640 πρᾶγμα,
200 1579 281 1617 vocat.
300 1567 348 1616 Sed
361 1569 387 1616 h.
399 1567 418 1616 l.
432 1570 581 1618 mouendum
624 1569 664 1618 vel
674 1567 733 1616 hinc
743 1570 818 1630 male,
830 1573 898 1635 quod
910 1575 962 1624 Cic.
974 1587 1030 1638 post
1040 1592 1141 1640 comps.

66 1660 112 1709 est,
125 1649 202 1698 etism
215 1647 310 1712 reliqua
328 1647 381 1694 haec
398 1649 516 1697 Antiochi
530 1665 582 1699 esse
624 1650 716 1698 rstivoe
732 1665 808 1714 quam
822 1663 862 1713 ut,
878 1651 918 1701 vel
932 1669 1008 1719 quam
1021 1655 1140 1720 simplex,

66 1729 154 1790 Stoice,
165 1741 197 1778 ut
208 1727 284 1790 hnjus
297 1729 346 1777 fere
357 1729 447 1778 omnis.
625 1726 745 1776 intellectu
760 1740 801 1790 ut,
815 1731 877 1794 poni
893 1741 971 1791 amet,
989 1734 1023 1780 cf.
1037 1731 1142 1782 Tursdl.

97 1811 121 1859 3.
142 1813 220 1875 ραι.
232 1843 257 1859 ..
276 1807 376 1856 habeat.
394 1809 433 1858 Ne
450 1808 583 1858 offendaris
624 1808 700 1855 Partt.
710 1823 736 1872 p.
747 1808 808 1856 653.
819 1809 933 1858 Ceterum
947 1821 1072 1858 auctorem
1084 1810 1110 1862 b.
1123 1811 1141 1859 l.

67 1889 237 1938 cumlibrariis
248 1890 276 1936 iu
289 1887 446 1952 subjunctivo
458 1899 580 1953 tempore:
624 1886 712 1950 Reguli
728 1888 865 1951 exemplum
879 1890 906 1935 in
919 1891 1000 1937 suimo
1014 1887 1142 1950 habuisse,

66 1969 127 2018 Gud.
138 1971 207 2018 euim
216 1967 336 2024 habebat,
348 1978 373 2014 et
384 1965 414 2016 ir.
426 1967 481 2016 cod.
493 1967 581 2028 babet,
625 1967 677 2030 ipsa
690 1965 763 2013 verbs
779 1965 878 2016 docent.
895 1967 954 2016 vid.
968 1969 1022 2017 Fin.
1036 1971 1078 2030 ΙΙ,
1090 1984 1142 2031 no,

66 2049 105 2096 sed
128 2060 283 2098 conectunt.
305 2047 409 2094 Ponitur
427 2058 507 2096 sutem
526 2063 583 2112 quus
626 2043 750 2106 65,0011.
765 2045 817 2095 Off.
832 2049 884 2106 111,
900 2063 944 2108 27,
959 2057 1006 2098 tot.
1022 2050 1054 2098 G.

66 2144 108 2192 pto
121 2144 200 2193 quum
214 2144 262 2185 ea,
278 2126 327 2174 hoc
341 2141 429 2174 seusu:
443 2148 455 2168 ι
466 2142 542 2190 quum
555 2128 582 2175 in
599 2165 605 2178 .
663 2140 689 2186 7.
705 2123 809 2173 cartas
818 2126 870 2174 siti.
880 2127 986 2175 Goereuz
998 2127 1040 2176 dat
1051 2139 1059 2176 τ
1072 2149 1085 2169 ι
1094 2128 1144 2176 Cur

65 2208 114 2271 ipse
126 2205 256 2272 sapientire
270 2216 356 2253 uatum
368 2205 518 2264 constantia,
529 2207 547 2255 i.
559 2222 581 2254 e.
625 2203 670 2252 hss
686 2203 761 2267 igitur
779 2205 827 2252 sibi
837 2227 859 2254 ι.
878 2206 958 2266 Olim,
976 2205 1073 2271 iuquit,
1093 2207 1144 2256 lere
1228 2241 1232 2258 τ

67 2286 184 2335 cubilitus
203 2285 318 2344 consilii,
336 2295 361 2332 et
381 2285 582 2346 immutabilitas,
626 2283 785 2346 vulgabatur,
801 2305 813 2326 ι
825 2301 869 2333 cnr
883 2285 927 2334 has
945 2287 1020 2350 igitur
1034 2303 1054 2334 s.
1069 2306 1080 2328 ι
1098 2301 1144 2334 uec

67 2366 154 2416 inde..
169 2368 202 2415 G.
626 2362 696 2410 aliter
709 2362 760 2411 duo
779 2364 890 2425 Davisii,
908 2366 938 2414 fr.
961 2365 1017 2414 cod.
1037 2375 1062 2413 et
1077 2363 1144 2415 Gud.

98 2447 123 2506 4.
135 2447 172 2492 Et
181 2459 232 2509 qaeu
242 2440 325 2490 modo.
336 2442 441 2490 Goerenu
451 2441 493 2490 dut
502 2452 548 2497 aut
556 2459 582 2505 q.
626 2439 702 2490 modo
720 2440 787 2505 quod
807 2442 849 2489 hic
867 2459 924 2492 cum
943 2443 1080 2492 Davisiuuis
1099 2443 1146 2492 sibi

66 2541 95 2572 ex
102 2525 215 2588 quinque
225 2520 288 2578 suis,
299 2521 362 2569 Vin.
371 2531 396 2568 et
407 2515 434 2584 ψ.
627 2521 728 2568 omittit.
740 2520 861 2583 Equidem
877 2521 951 2587 igitur
961 2538 1043 2570 verum
1054 2521 1145 2570 lectio·

99 2605 125 2653 5.
148 2602 201 2666 Qui
216 2597 334 2648 scande..
346 2635 352 2645 .
364 2635 370 2648 .
382 2597 493 2664 perseum
515 2597 582 2664 (pro
627 2615 683 2648 nem
694 2609 766 2664 puto.
779 2601 860 2648 Notus
872 2612 909 2651 est
922 2602 988 2649 enim
998 2599 1072 2660 hujus
1085 2617 1144 2664 pur-

63 2681 236 2748 pefferertdum
256 2679 337 2744 esse).
365 2681 441 2727 Recte
466 2690 584 2741 sequutus
627 2679 710 2727 ticulre
722 2695 790 2732 usus.
803 2694 853 2742 quo
867 2679 1022 2742 parenthesin
1036 2679 1145 2744 excipit;

65 2758 583 2822 Em.Darisinurest,quiexscriptissuis,
627 2758 701 2806 verbs
721 2769 820 2816 nutem,
842 2777 854 2799 ι
873 2757 917 2821 qui
940 2759 1084 2806 statuit...
1102 2767 1146 2806 sut
1177 2805 1179 2810 ,

67 2853 89 2890 et
98 2853 170 2890 vaus
184 2839 269 2896 editis,
283 2853 330 2901 pro
338 2839 451 2902 pessivo,
458 2827 581 2902 perferri,
626 2835 702 2885 fideus
712 2857 723 2878 ι
735 2868 743 2896 ,
755 2847 813 2884 suut
826 2845 948 2900 tamquam
962 2852 992 2886 ex
1006 2836 1145 2901 parenthesi

66 2916 303 2982 set.reduxit,quod
312 2914 376 2963 idem
387 2927 526 2964 constanter
535 2917 583 2964 mei
628 2915 692 2964 dicta
704 2931 711 2965 :
721 2916 783 2964 nibil
797 2915 873 2980 igitur
884 2917 1047 2966 dubitavimus
1058 2932 1145 2966 vocem

67 3017 166 3066 quoque
188 3006 296 3048 servant.
318 2995 409 3044 Eadem
431 2997 582 3044 constructio
626 2996 732 3043 insnum
740 2994 823 3043 locum
833 2996 1145 3060 reponere,qnamscribis,

67 3093 112 3140 est,
122 3085 199 3144 Legg.
207 3081 234 3138 1,
245 3093 293 3141 19,
303 3075 352 3134 603
364 3091 437 3139 quem
446 3075 498 3122 sine
511 3091 582 3123 cnuss
627 3073 783 3124 Ciceronitni
792 3075 867 3122 moris
875 3076 979 3138 ignaris,
989 3075 1059 3123 nullo
1069 3074 1145 3122 modo

67 3157 304 3210 ibisollicitsrimus.
316 3155 354 3204 cf.
368 3155 472 3218 Quintil.
487 3155 582 3204 Institt.
626 3153 748 3218 imputare
762 3152 859 3202 licebst.
873 3155 899 3202 Si
910 3153 983 3215 hujus
994 3170 1052 3202 usus
1061 3170 1145 3202 eum-

68 3244 133 3290 Orst.
142 3241 208 3298 VH,
221 3253 245 3298 1,
257 3243 301 3294 41.
310 3234 383 3284 Adde
393 3235 461 3284 Oret.
472 3235 523 3294 m,
536 3249 580 3302 no,
626 3233 669 3298 pls
681 3232 786 3296 queris,
799 3233 831 3280 cl.
842 3233 954 3282 Mutthiae
967 3231 1072 3282 Miscell.
1083 3233 1145 3298 phil.

69 3331 110 3382 7⁴·
123 3324 157 3372 a,
627 3313 656 3368 l,
674 3310 725 3359 vol.
742 3327 772 3370 s,
787 3328 813 3376 p.
831 3327 890 3374 ²99·
909 3311 961 3360 Erl.
975 3311 1021 3359 lias
1039 3313 1144 3376 ignorat.

101 3402 127 3449 6.
154 3403 236 3464 ριιωη
258 3407 304 3444 aut
321 3391 369 3459 off.
388 3411 416 3458 p.
437 3403 481 3440 aut
491 3391 585 3460 fidem,
627 3390 712 3440 Male:
726 3406 807 3438 nuru·
821 3391 864 3438 has
878 3390 1147 3454 leges-est,ebnncet

69 3481 135 3528 Ger,
145 3473 386 3542 Antequsmutofs.
395 3489 420 3536 p.
429 3482 472 3520 sut
480 3469 555 3519 fidem
562 3492 584 3518 ι.
629 3470 688 3518 tules
706 3467 744 3517 lm
762 3479 791 3516 ut
807 3485 887 3534 saepe3
904 3471 1054 3534 poniturque
1070 3486 1147 3536 prou.

70 3559 170 3623 vulgatu
183 3573 260 3622 quam
271 3567 330 3614 aut,
345 3553 440 3617 inquit,
451 3551 491 3600 vel
504 3567 548 3616 per
559 3567 594 3602 se.
629 3565 686 3597 uum
693 3548 730 3604 vi,
740 3564 816 3612 quum
824 3551 856 3597 sit
863 3565 887 3598 v.
898 3548 974 3613 igitur
982 3552 1146 3613 praemissum,

70 3637 198 3700 rejiciendo
214 3646 283 3699 erut,
298 3649 374 3699 quum
383 3631 451 3700 fides
464 3631 491 3680 in
504 3629 585 3678 omnis
629 3629 664 3676 cf.
688 3629 749 3675 Orat
771 3643 819 3688 ro,
842 3629 884 3677 3³.
910 3629 1075 3677 «Referemus
1100 3645 1146 3678 nos

70 3713 585 3782 gmerisofficiiobsequioeematuustqus
629 3707 713 3772 igitur,
734 3718 782 3756 etc.
796 3729 810 3750 n
829 3707 873 3755 ubi
897 3707 973 3773 igitur
993 3723 1007 3754 u
1030 3706 1146 3756 Sublitsio

71 3797 184 3862 distingui
197 3795 264 3844 inter
278 3794 331 3843 haec
348 3789 441 3855 duplici
458 3799 504 3836 aut
519 3799 585 3836 recte
630 3787 803 3852 transpositum
822 3786 932 3847 nollem,
952 3787 992 3835 cll.
1005 3788 1090 3836 Diriu.
1104 3789 1146 3849 11,

69 3893 117 3926 nou
126 3878 217 3942 possit.
227 3879 307 3925 Recte
316 3871 392 3936 igitur
403 3867 486 3917 Inmb.
498 3878 523 3915 et
534 3869 585 3915 Da·
631 3867 663 3926 ³,
678 3867 704 3915 8.
715 3888 729 3908 ι
737 3865 875 3914 Dicendum
884 3878 921 3917 est
929 3865 989 3914 mihi
999 3866 1073 3930 igitur
1081 3879 1109 3912 n:
1122 3877 1148 3914 et

71 3958 113 4006 ris.
124 3973 156 4006 ex
168 3955 244 4006 codd.
259 3954 295 4002 sic
309 3957 483 4008 corruerent,
497 3946 586 4012 quibus
631 3945 666 3994 sic
676 3944 734 3994 alibi
744 3961 816 4010 saepe.
831 3945 861 3994 G.

71 4038 191 4086 euostrls‘
208 4033 276 4085 Gud.
291 4034 352 4096 frug.
373 4032 433 4080 cod.
452 4043 587 4092 magosque
668 4026 693 4074 8.
712 4021 1148 4089 Comprelemi...comtitutir‘1le
1194 4035 1202 4051 .

72 4113 125 4165 edd,
141 4126 203 4166 mg,
222 4126 321 4165 „mm
345 4127 401 4161 cm
419 4110 486 4158 ven.
504 4113 587 4169 1494,
631 4102 684 4152 hnc
698 4115 803 4168 quatuor
815 4119 861 4170 pro
873 4101 958 4152 iisdem
970 4110 1038 4166 pute.
1051 4099 1148 4148 «Coru-
