2724 4690
74 406 1116 430 mmmmmfflmfflmfflmmfflfflmw

177 671 181 678 ,
297 575 863 684 maticsonensis

389 765 768 838 INTRODUCTIO

205 967 311 1094 IN
361 969 961 1094 LUCULLUM.

382 1199 778 1234 ..m-⁴05..—

69 1279 180 1406 Urnis
203 1358 251 1408 est
268 1342 427 1425 maxime,
451 1341 543 1431 quod
564 1341 644 1408 huic
659 1341 746 1408 libro
761 1342 1030 1432 praemonendum
1047 1363 1116 1406 esse

64 1440 269 1520 judicavimus.
286 1449 400 1534 Quum
423 1449 512 1514 enim
529 1450 564 1514 in
583 1450 655 1538 ipso
677 1447 772 1514 toties
790 1449 926 1516 lectores
941 1448 984 1513 ad
1000 1447 1116 1536 prioris

66 1545 116 1612 diei
128 1549 284 1642 disputata
300 1556 519 1638 remittantur,
537 1555 753 1646 qriaerendum
768 1577 838 1620 esse
852 1555 995 1637 videtur,
1007 1553 1115 1642 quod·

64 1675 124 1720 nam
144 1661 257 1748 prioris
272 1661 361 1745 libri,
381 1663 439 1752 qui
455 1662 570 1751 periit,
594 1661 730 1732 Catulus
745 1662 915 1750 inscripti,
940 1681 1115 1750 argumen-

64 1777 121 1826 tum
148 1765 256 1833 fuerit.
288 1770 365 1852 Quo
387 1769 539 1858 quidem,
566 1785 726 1859 quantum
751 1766 841 1850 lice't,
869 1767 1023 1857 cognito,
1048 1788 1114 1829 non

63 1871 187 1956 poterit,
211 1873 292 1962 quin
314 1875 417 1940 tutius
440 1876 626 1964 certiusque
646 1874 808 1956 judicium
838 1872 881 1938 de
898 1871 963 1938 hoc
979 1871 1118 1936 Lucullo

64 1973 122 2062 ipso
140 1979 215 2043 ferri
242 1980 346 2046 liceat.
368 1981 428 2046 His
455 1981 555 2070 igitur
581 1980 682 2064 locis,
697 1979 817 2068 quibus
844 1979 963 2067 passim
987 1978 1023 2042 in
1052 1977 1118 2042 hoc

61 2079 93 2144 ad
110 2082 196 2150 illum
222 2085 410 2175 respicitur,
433 2087 524 2152 velut
542 2083 758 2150 fundamento
783 2085 907 2166 innixi,
931 2084 1119 2171 videamus,

60 2205 201 2274 quantum
220 2191 255 2254 iu
272 2213 343 2255 eam
359 2214 429 2256 rem
446 2192 633 2272 conjectura
650 2189 735 2256 effici
752 2190 866 2279 possit.

96 2293 253 2376 Quintum
271 2297 373 2385 igitur
388 2297 560 2378 Catulum,
578 2297 613 2360 in
631 2295 725 2376 cujus
740 2297 815 2395 villa
831 2295 931 2360 iidem
946 2295 982 2360 hi
997 2298 1118 2386 princi-

59 2419 104 2485 pes
115 2401 339 2467 Romanorum
357 2403 418 2467 viri
436 2417 673 2485 couvenerant,
690 2403 749 2490 qui
766 2401 819 2467 die
835 2419 911 2491 post
927 2403 962 2467 in
979 2425 1016 2468 ea
1035 2405 1120 2470 Hor·

58 2507 137 2570 tensii
152 2529 219 2572 una
235 2507 337 2574 fuisse
350 2523 543 2590 narrantur,
558 2508 614 2574 illo
631 2509 665 2572 in
683 2508 768 2573 libro
782 2509 903 2597 primas
924 2510 1047 2599 egisse,
1067 2511 1117 2575 vel

56 2612 164 2701 etipsa
179 2614 249 2694 ejus
264 2613 476 2702 inscriptione
490 2629 587 2702 patet.
603 2613 742 2679 Videtur
755 2613 811 2678 hie
828 2630 939 2682 autem
955 2614 1046 2680 brevi
1066 2631 1118 2680 to·

58 2715 110 2781 tius
121 2735 153 2784 et
167 2720 306 2803 veteris,
320 2735 353 2784 et
365 2719 554 2784 recentioris
569 2719 751 2786 Academiae
767 2717 997 2808 descriptione,
1014 2721 1118 2807 qualis

55 2823 137 2888 etiam
153 2825 189 2888 in
198 2813 334 2890 ¹alterius
348 2825 394 2890 [V
410 2825 571 2892 librorum
589 2825 740 2892 editionis
754 2825 939 2917 fingmento
955 2844 1119 2916 superest,

55 2929 226 3014 praemissa,
252 2930 288 2995 in
312 2933 493 2996 accuratius
529 2931 708 3006 enarranda
730 2947 764 2996 et
793 2930 1019 2998 confirmanda
1043 2933 1121 2998 Car·

55 3034 152 3100 nudis
168 3035 330 3101 sententia
343 3037 543 3120 substitisse,
560 3039 683 3128 quippe
695 3055 796 3125 quam
810 3060 829 3101 a
843 3053 935 3126 patre
950 3035 1117 3122 didicisse,

55 3157 81 3204 et
103 3141 193 3208 hunc
219 3142 344 3232 ubique
366 3142 436 3224 ejus
463 3160 631 3210 auctorem
648 3166 715 3232 prae
744 3165 779 3208 se
805 3143 935 3225 tulisse,
957 3141 1116 3233 fingatur,

53 3251 67 3326 5
84 3271 121 3312 12
137 3266 169 3314 et
189 3249 262 3330 148.
280 3249 397 3338 Neque
414 3249 507 3314 facile
522 3249 629 3338 aptior
644 3248 686 3313 ad
700 3247 771 3312 haec
788 3247 956 3314 tractanda
971 3271 1118 3315 accessus

54 3356 290 3446 excogitabitur.
326 3357 538 3450 Proposuisse
565 3378 643 3421 sero
678 3377 754 3420 eum
788 3355 917 3444 plenam
946 3357 1117 3422 Carneadis
1141 3403 1152 3428 ,

52 3465 254 3541 sententiam,
279 3486 320 3529 ex
343 3461 456 3528 eadem
472 3463 514 3528 ab
538 3462 610 3559 ipso
629 3463 663 3528 iu
686 3461 786 3527 breve
811 3477 977 3528 contracta
998 3465 1040 3527 in*
1053 3464 1117 3530 fine

52 3567 179 3650 Luculli,
194 3569 307 3653 5148,
323 3585 362 3634 ut
377 3570 474 3635 etiam
490 3593 531 3636 ex
547 3569 648 3636 verbo
665 3568 814 3654 revolvor,
832 3591 899 3658 quo
916 3569 1038 3636 ibidem
1054 3574 1118 3636 uti-

51 3689 117 3759 tur,
133 3693 284 3768 apparet‚
308 3692 423 3766 utpote
440 3699 507 3766 qno
527 3676 569 3742 ad
585 3699 641 3760 ea,
669 3700 742 3766 quae
760 3673 864 3766 pridie
883 3673 1117 3766 disputaverat,

51 3783 238 3872 respexisse,
261 3782 335 3864 jure
354 3781 522 3871 putandus
539 3783 589 3848 sit
610 3783 650 3846 In
670 3783 739 3870 ipsa
755 3792 864 3846 autem
888 3781 949 3848 hac
971 3781 1116 3870 disputa·

50 3887 133 3954 done
149 3889 330 3954 necessario
347 3889 409 3981 ipsi
426 3889 468 3954 ad
480 3911 536 3954 eos
553 3910 687 3977 quoque
701 3886 941 3976 respiciendum
956 3903 1041 3969 erat,
1060 3891 1116 3974 qui

49 3995 86 4058 ab
102 3997 161 4060 hac
175 3995 338 4062 sententia
351 3994 401 4059 vel
416 4019 550 4084 parum,
562 3996 613 4059 vel
625 3995 742 4082 plane,
760 3991 985 4075 discesserant,
1005 3993 1116 4058 Philo·

52 4123 124 4168 nem
137 4120 170 4169 et
180 4103 393 4170 Antiochum.
411 4103 449 4167 ln
464 4125 532 4191 quo
543 4102 590 4166 sic
602 4102 687 4190 egit,
702 4117 740 4168 ut
755 4101 928 4167 Philonem
939 4098 1119 4166 rationibus
