2748 4670
262 351 332 434 340
592 345 640 412 M.
667 346 705 411 T.
733 341 980 414 CICERONIS

259 470 346 540 dum
365 470 545 539 Socratem
564 477 600 536 et
618 463 826 560 Platonem.¹
839 464 936 534 Cur?
958 487 1005 534 an
1021 461 1066 533 de
1086 461 1171 533 ullis
1192 466 1339 535 certius

259 600 403 676 possum
426 573 569 645 dicere?
586 574 724 644 Vixisse
742 597 825 645 cum
841 573 898 650 his
916 571 1086 670 equidem
1106 571 1243 644 videor
1260 599 1270 641 τ
1291 577 1340 644 ita

257 689 364 760 multi
382 692 607 758 sermones²¹
633 685 823 783 perscripti
846 696 950 770 sunt,
970 706 990 752 e
1011 679 1146 778 quibus
1167 681 1338 754 dubitari

259 822 335 867 non
356 795 488 894 possit,
511 794 599 891 quin
622 797 758 865 Socrati
782 792 872 865 nihil
895 793 940 862 sit
962 792 1079 862 visum
1102 793 1186 863 sciri
1211 817 1338 892 posse.

258 908 407 1005 Excepit
427 929 543 976 unum
565 917 725 991 tantum,
754 908 846 975 scire
862 926 900 974 se
921 899 1011 972 nihil
1033 925 1071 972 se
1088 904 1206 974 scire:
1241 901 1336 974 nihil

257 1017 421 1114 amplius.
445 1012 543 1104 Quid
564 1011 679 1085 dicam
699 1011 744 1085 de
764 1013 934 1084 Platone?
952 1013 1018 1109 qni
1034 1025 1132 1084 certe
1146 1027 1224 1084 tam
1243 1013 1337 1084 mul-

257 1127 304 1197 tis
320 1123 420 1197 libris
434 1122 510 1193 brec
524 1137 766 1220 persequutus
780 1147 856 1192 non
870 1130 984 1210 esset,
999 1122 1068 1192 nisi
1084 1121 1332 1220 probavisset:

259 1236 414 1307 ironiam
437 1236 533 1305 enim
558 1231 724 1321 alterius,
748 1247 962 1331 perpetuam
985 1232 1208 1329 prasertim,
1234 1232 1334 1304 nulla

259 1341 328 1415 tuit
346 1342 438 1413 ratio
458 1341 682 1438 persequi²².

206 1476 240 1547 75
308 1455 433 1524 XXIV.
459 1449 640 1532 Videorne
664 1449 750 1537 tibi,
771 1475 866 1539 non,
888 1466 930 1522 ut
952 1453 1187 1539 Saturninus,
1210 1455 1331 1525 nomi·

258 1585 345 1632 nare
365 1560 475 1631 modo
494 1559 649 1631 illustres
665 1558 853 1656 homines,
872 1559 1056 1631 sedetiam
1072 1561 1204 1633 imitari
1220 1587 1331 1634 num-

259 1695 368 1770 quam
382 1681 407 1758 ¹,
436 1670 506 1744 nisi
534 1668 692 1758 clarum,
716 1671 785 1742 nisi
810 1669 994 1742 nobilem?
1015 1672 1126 1768 Atqui
1149 1670 1330 1744 habebam

261 1781 433 1853 molestos
449 1779 572 1868 vobis,
589 1777 652 1852 sed
670 1781 849 1870 minutos,
865 1780 1087 1879 Stilponem,
1105 1782 1331 1866 Diodorum,

262 2033 332 2080 loeus
345 2037 427 2093 sperte
441 2026 528 2087 docet,
540 2026 613 2074 nimis
628 2027 675 2076 late
690 2041 774 2075 eorum
818 2027 892 2075 ceteri
905 2025 982 2074 critici
991 2035 1092 2074 mouent
1101 2025 1264 2090 usqusmiegi
1278 2025 1331 2072 nire·

263 2120 411 2176 preceptum
426 2117 521 2171 putere,
543 2107 586 2169 qni
605 2107 657 2153 sine
669 2106 774 2154 circnm-
818 2107 973 2154 rius—iisse
983 2105 1015 2153 sd
1022 2105 1149 2154 Platonem
1157 2104 1329 2169 spectamen

262 2187 394 2252 scriptione
407 2186 471 2232 inter
483 2181 527 2247 qui
544 2199 617 2247 quum
635 2183 775 2248 interpungi
818 2197 907 2232 sensu:
922 2183 964 2230 «si
977 2181 1047 2232 Pluto
1058 2181 1094 2229 nii
1106 2182 1154 2230 nisi
1166 2183 1274 2231 Soerutis
1283 2182 1330 2228 iro·

262 2276 355 2316 retent.
367 2262 461 2313 Deinde
472 2261 560 2326 lepide,
567 2277 612 2310 uec
620 2261 684 2309 resd
694 2262 775 2310 vivum
818 2263 897 2323 nium,
909 2262 1028 2326 imprimis
1037 2261 1063 2308 in
1074 2261 1191 2309 omuibus
1204 2263 1292 2326 ipsius,
1306 2269 1327 2306 ut

264 2340 671 2404 mecsnds,excusstio«versuum
678 2339 776 2387 illorum
819 2342 892 2400 fecit,
903 2341 1022 2404 scriptis,
1043 2341 1182 2404 exprimere
1201 2342 1328 2395 voluisset,

265 2417 777 2481 minusbouorum-exeorepetitur,quod
820 2419 886 2468 bsud
912 2419 1028 2468 idoneum
1056 2418 1182 2467 scribendi
1207 2419 1329 2468 consilium

266 2519 308 2552 eos
321 2487 379 2548 irriti
389 2496 496 2544 fuderint
514 2508 521 2542 t
542 2493 607 2543 uude
619 2498 694 2559 magis
705 2499 777 2545 etism
821 2509 938 2562 sequutus
949 2509 1010 2546 esset
1021 2520 1043 2548 ι.
1054 2501 1090 2545 Its
1104 2513 1195 2561 nempe
1206 2497 1328 2562 degustet

243 2627 249 2636 ,
266 2593 348 2630 tamsn
357 2578 474 2626 intrusum
483 2589 533 2621 esse
539 2573 689 2639 intelligitur.
697 2577 777 2636 Quum
822 2577 973 2636 statuebant,
985 2588 1013 2624 ut
1026 2576 1181 2626 Academicis
1194 2575 1329 2626 recentiori-

267 2655 435 2722 iutempestive
445 2663 525 2702 sutem
535 2654 606 2704 Grot.
616 2652 677 2700 nisit
683 2670 709 2701 se
717 2653 779 2702 seire
822 2655 882 2714 bus,
893 2657 1011 2718 Socratis,
1020 2657 1177 2719 Pistonisque
1186 2657 1328 2720 exe-plum,

268 2735 410 2799 conjecerit,
420 2749 464 2781 sus
472 2743 560 2797 sponte
570 2731 684 2779 cernitur.
695 2735 729 2782 G.
823 2749 874 2798 quo
890 2735 917 2782 hi
934 2735 1083 2794 nitebantur,
1105 2713 1236 2798 eripimur.
1257 2733 1328 2781 Verba

304 2834 346 2866 ss.
355 2811 511 2862 Vixisseersm
518 2809 555 2858 itis
562 2810 779 2874 equidemvideors
823 2823 919 2874 sutem,
932 2837 944 2858 ι
952 2814 1019 2862 nulls
1029 2814 1076 2862 tuti
1083 2815 1146 2862 tutio
1157 2833 1179 2874 ι,
1191 2833 1225 2864 sc.
1236 2816 1328 2872 idonee,

269 2897 304 2948 ite
315 2894 385 2946 multi
392 2907 512 2942 semones
518 2890 652 2956 perscripti.
662 2894 780 2942 Constru·
824 2893 916 2941 urscia
938 2887 1018 2952 sidric
1035 2894 1105 2962 λόγος
1129 2889 1158 2949 siv
1181 2895 1327 2960 respondent.

269 2979 319 3028 etin
332 2973 432 3043 proprie
447 2970 550 3019 debebat
565 2987 627 3029 esse,
640 2991 651 3014 ι
664 2971 698 3020 its
710 2971 780 3020 multi
824 2971 897 3020 Ratio
908 2983 989 3021 sutem
1000 2973 1030 3020 de
1041 2972 1144 3020 consilio
1157 2991 1224 3040 sepe
1236 2973 1327 3023 sueton·

270 3061 501 3112 sermones,etc.nt
511 3049 780 3112 equidemridesrcum
825 3051 864 3100 ct
880 3053 938 3100 Em.
955 3051 1022 3101 Clsv.
1039 3052 1066 3100 h.
1083 3067 1108 3100 v.
1129 3054 1241 3100 Iresiam
1258 3065 1326 3101 sutem

162 3173 169 3192 ⁸
270 3135 308 3183 hi.
318 3135 404 3182 sixtus
413 3153 434 3180 2.
445 3129 493 3178 Sed
503 3128 674 3178 voluitsuctor
682 3145 780 3181 omnem
824 3129 907 3180 lstinis
922 3131 997 3178 literis
1010 3133 1165 3194 scripsimus,
1180 3151 1257 3197 vum
1272 3130 1327 3180 nulls

270 3212 394 3260 sententiar
411 3210 461 3256 vim
482 3208 508 3255 iu
530 3206 623 3255 vicine
640 3207 782 3268 collectum,
825 3209 883 3257 roci
898 3209 1028 3273 explicatio
1044 3210 1126 3258 eddits
1144 3225 1221 3273 esset;
1240 3213 1327 3275 dequo

271 3301 344 3353 atque
353 3289 387 3338 its
398 3287 499 3336 verbum
512 3303 525 3334 s
536 3288 617 3334 fronte
627 3287 718 3349 posuit.
731 3289 780 3336 Pro
825 3303 896 3352 suprs
907 3289 1055 3338 monuimus.
1078 3291 1110 3338 G.

268 3365 406 3432 perscripti,
419 3365 522 3413 tresnei
530 3399 538 3422 ,
552 3379 608 3414 cum
620 3365 682 3414 Ven.
698 3372 778 3429 1494,
859 3369 954 3415 xxtv.
971 3383 992 3417 1.
1009 3369 1081 3427 Non,
1095 3380 1123 3416 nt
1134 3368 1280 3420 Saturninus
1291 3382 1326 3414 se·

273 3443 408 3512 aprsedicti
430 3453 454 3490 et
477 3443 653 3506 prescripti»,
676 3459 780 3506 quorum
825 3445 918 3494 nouare
935 3446 1007 3494 modo
1026 3445 1044 3495 i.
1062 3447 1087 3496 lt.
1100 3449 1146 3496 sed
1159 3447 1232 3496 ssime
1249 3443 1328 3495 inusti

272 3524 329 3572 loco
342 3507 419 3570 Wrsti
431 3543 444 3562 ι
454 3524 527 3585 pned.
542 3533 566 3570 et
577 3523 745 3587 perscripsit,
757 3534 782 3573 et
825 3541 964 3590 nunquan.
983 3528 1087 3574 Goereus
1103 3526 1169 3576 delet
1187 3527 1269 3578 eoum.
1287 3525 1326 3574 Pri·

272 3602 323 3652 ErL
338 3598 478 3662 simpliciter
487 3599 625 3664 prascripti
633 3617 643 3648 .·
656 3611 683 3648 nt
697 3602 735 3650 vel
751 3619 782 3652 ex
825 3605 996 3669 mum,inquit,
1006 3616 1121 3669 ρωυιοη
1128 3607 1222 3670 virgnis
1232 3603 1328 3654 distinxi·

272 3683 310 3733 bis
319 3691 441 3743 torporem
449 3676 639 3740 etiguorsntism
648 3681 782 3730 scribsrum
826 3700 894 3742 mus,
902 3700 990 3748 quum,
1002 3707 1015 3726 ι
1025 3701 1075 3750 non
1085 3685 1215 3733 nominare
1225 3686 1297 3734 modo
1304 3705 1326 3740 ι,

272 3759 336 3811 clare
345 3754 483 3822 perspicius.
493 3755 531 3802 De
540 3772 565 3804 re
574 3757 628 3820 ipss
638 3758 695 3807 vide
704 3759 781 3810 Aesd.
826 3762 973 3814 coherent.
986 3763 1081 3812 Deinde
1092 3763 1182 3820 edam,
1197 3765 1328 3812 suctorirste

271 3843 341 3900 M,
355 3833 440 3882 lii-G·
825 3857 871 3888 sex
893 3843 1038 3906 scriptorum
1064 3841 1131 3907 spud
1158 3845 1243 3892 Daris.
1265 3853 1327 3900 et,t

308 3931 349 3966 ss.
363 3910 473 3962 lmm'am
485 3909 548 3958 mim
561 3911 673 3964 durius.
684 3951 708 3964 ..
724 3935 781 3983 per·
828 3921 933 3979 nostris,
950 3921 1076 3979 Gudisui,
1091 3921 1124 3970 fr.
1146 3921 1206 3972 cod.
1225 3933 1248 3971 et
1262 3924 1327 3971 wne

270 3995 347 4062 sequi.
366 3991 463 4042 tectore
476 3988 551 4038 haber
564 3989 591 4038 iu
604 4001 672 4042 textu
683 3996 784 4046 ulterius
828 3999 969 4050 delevimus.
979 4001 1090 4050 Ceterum
1097 4009 1162 4050 recte
1171 4011 1254 4050 tuetur
1259 4000 1328 4049 Deris

274 4075 335 4126 vitio
352 4084 482 4138 opsrsmtn
500 4081 507 4115 τ
526 4081 583 4116 nm
600 4083 646 4118 me
666 4072 722 4133 ille,
739 4091 784 4122 use
828 4087 971 4128 structuram
985 4095 1140 4143 «numqusm
1154 4081 1203 4129 nisi
1215 4080 1327 4132 chrum·
