2776 4668
420 307 439 347 '¹
497 319 753 388 PARADOXA.
1089 314 1157 388 535

89 441 179 514 tidie
211 439 414 524 fraudasu,
442 437 598 536 decipis,
624 440 760 536 poscis,
787 439 993 536 pacisceris,
1020 437 1158 526 aufers,

90 554 219 650 eripis3
241 553 270 621 si
288 551 406 622 socios
424 548 575 646 spolias,
599 553 764 620 aererium
787 545 985 646 cxpiias²⁵-;
1001 550 1033 619 si
1050 563 1156 623 testa·

92 675 220 734 menta
242 662 441 732 amicorum
463 654 701 756 exspectasffi,
719 672 782 734 aut
802 683 849 729 ne
869 673 1053 755 exspectas
1074 664 1156 758 qui·
1247 730 1249 739 ,

92 770 197 856 dem,
213 785 323 866 atquc
342 770 419 866 ipsc
440 767 760 867 supponis173haec
776 783 898 840 utrum
921 767 1157 860 abundantis,

90 905 139 952 an
161 883 299 977 egentis
318 881 419 976 signa
440 881 547 952 sunt?
575 879 727 950 Animus
752 879 911 950 hominis
938 878 1056 968 dives,
1080 906 1156 952 nou
1176 891 1210 948 tt

89 1015 175 1062 arca
193 990 366 1089 appellari
382 991 484 1062 solet.
505 990 677 1080 Quamvis
706 989 766 1063 iiia
791 992 835 1062 sit
857 990 984 1087 piene,
1006 990 1095 1065 dum
1122 1007 1158 1064 te

89 1104 239 1174 inanem
253 1096 603 1189 videb0¹⁸,divitcm
621 1123 697 1172 uon
712 1099 862 1198 putabo.
882 1103 1025 1172 Etenim
1042 1127 1087 1174 ex
1100 1126 1158 1189 eo,

87 1273 116 1322 E.
131 1271 158 1320 iu
172 1273 217 1321 isto
226 1273 318 1322 ordine.
331 1273 562 1331 Ordinisenetorio,
572 1289 603 1320 ex
646 1272 755 1321 Graevim
769 1274 940 1337 interpretetur
959 1288 989 1319 so
1004 1287 1076 1319 seusu
1084 1307 1093 1330 ‚
1109 1287 1160 1336 quo

87 1369 142 1416 quo
150 1353 255 1404 'Crestus
267 1365 332 1415 eret,
344 1355 425 1402 nudius
436 1364 542 1418 questus
554 1349 602 1400 ieo-
644 1352 796 1400 Fecciohtus
811 1352 888 1412 dixit,
901 1351 1002 1400 verbum
1017 1351 1159 1414 adspectas,

87 1441 183 1480 ueeme.
203 1436 274 1482 Fscc.
294 1459 330 1472 -
346 1433 435 1482 Nullus
454 1431 502 1482 nisi
525 1449 556 1482 ex
578 1449 603 1482 ee
645 1447 692 1496 pro
703 1447 754 1496 quo
766 1433 796 1482 C.
807 1431 911 1496 hupins
924 1431 1028 1492 conjecit
1039 1431 1160 1494 experti,

89 1513 191 1558 restim.
213 1511 310 1575 Sylvius
331 1514 441 1561 conferre
460 1513 531 1574 Jubet
550 1513 603 1560 Ltv.
644 1511 670 1559 id
678 1513 897 1574 est,estuqoodem
905 1522 1042 1572 extorques.
1050 1509 1160 1558 Ed.Veu.

89 1591 172 1649 m,
185 1589 217 1640 63
232 1605 263 1641 :a
276 1594 308 1655 Q.
317 1591 432 1640 Cieudius
445 1593 558 1642 tribunus
568 1591 602 1656 pl.
632 1591 723 1656 ‚1487‚
741 1589 780 1650 bis
805 1589 909 1654 expetis.
933 1587 1014 1636 Verbe
1039 1611 1052 1631 ι
1066 1599 1110 1636 eut
1130 1603 1161 1638 ne

87 1667 205 1718 edveeeus
217 1681 342 1728 senatum,
359 1685 410 1718 uuo
423 1672 521 1719 Petrum
532 1670 603 1731 edju·
644 1681 769 1734 exspectes
778 1691 791 1710 a
806 1685 857 1718 nou
872 1669 993 1716 hebentes
1009 1667 1035 1716 iu
1054 1679 1161 1732 quetuoe

88 1759 162 1796 vente
181 1750 210 1798 C.
227 1749 360 1804 Flaminio,
381 1749 481 1808 toleret,
498 1765 529 1797 oe
548 1749 603 1812 quie
645 1749 711 1797 Oxx.
727 1747 767 1798 ed.
781 1751 882 1797 Aeceus.
901 1747 984 1805 1520,
1003 1756 1027 1794 et
1046 1762 1097 1796 ouo
1115 1748 1161 1794 Ms

87 1842 197 1890 tendor,
212 1835 285 1896 quive
297 1831 414 1880 moetoris
426 1843 494 1897 peter
507 1831 603 1887 suisset,
644 1830 671 1876 iu
684 1829 719 1876 V.
736 1829 763 1876 L.
777 1827 857 1874 Grsev.
871 1837 972 1891 propter
985 1825 1054 1872 verbi
1070 1826 1160 1890 repeti·

87 1911 234 1959 meritimem
252 1927 351 1966 mecm,
375 1927 430 1974 quse
452 1909 508 1974 pios
530 1923 603 1972 quem
645 1903 1162 1970 tionem5urouperticolequidemiouulic

86 2001 252 2038 trecenterum
263 1988 434 2054 amphorarum
443 1999 517 2041 esset,
530 1985 603 2034 hehe·
644 1986 709 2034 libro
718 1985 792 2035 deest.
803 1987 886 2036 Genu.
899 2011 933 2022 -
942 1986 1040 2032 Terent.
1051 1983 1159 2048 Adelph.

87 2081 134 2118 ret.
156 2069 187 2117 ld
208 2068 267 2115 setis
285 2065 396 2115 hebitosu
412 2066 445 2114 ed
463 2067 556 2114 fructus
572 2082 604 2113 ex
645 2068 680 2126 V,
691 2073 725 2121 t:
741 2063 833 2112 «ntum
843 2075 870 2112 ut
881 2066 958 2124 vivet,
970 2073 1071 2128 opteut;
1083 2078 1162 2112 metm

86 2149 153 2212 egris
162 2146 312 2196 vecteudoe:
326 2133 431 2208 quae'etus
440 2147 519 2195 omnis
530 2145 605 2192 Petri·
644 2133 725 2195 eutem
735 2157 837 2194 mortem
847 2156 1023 2212 exspectent»,
1033 2155 1121 2212 optent
1134 2156 1162 2194 ut

87 2225 384 2276 husindecoroevieue».
396 2225 480 2272 Genu.
645 2228 741 2274 morice.
761 2226 881 2278 Proculeii
900 2225 993 2276 dictum
1015 2227 1051 2274 sic
1075 2225 1161 2276 extulit

128 2314 169 2362 st.
191 2303 312 2354 Fraudas.
336 2302 376 2350 el.
399 2313 486 2365 preter
503 2303 603 2364 Manet.
645 2306 749 2370 Quintil.
761 2306 805 2354 lib.
815 2308 862 2366 lx,
875 2307 1094 2374 cep.4:·Quum
1104 2308 1162 2356 Pro·

87 2381 528 2448 codd.fraudes‚soueutis‚dec.ed.
540 2383 603 2430 Vsu.
645 2385 738 2434 misius
755 2395 896 2450 quereretur
914 2385 945 2452 de
966 2383 1032 2442 filio,
1051 2385 1162 2450 quodie

91 2461 159 2526 1⁴87
172 2479 179 2508 s
193 2485 206 2505 ι
215 2463 399 2525 Ῑηηὰαῃᾳιιοω
410 2460 501 2526 decipis
507 2461 603 2524 poesis·
646 2475 749 2530 mortem
757 2479 825 2517 soem
833 2476 999 2530 exspectaret,
1008 2475 1032 2512 et
1041 2465 1082 2514 ille
1090 2463 1162 2512 dixis

88 2543 281 2608 pro-poscis».
297 2541 381 2590 Geett.
645 2555 683 2594 set
703 2561 729 2594 ee
750 2559 806 2592 vere
824 2560 876 2592 uon
897 2555 1037 2608 exspectes-e
1049 2557 1056 2592 t
1070 2543 1161 2601 immo,

130 2621 172 2670 15.
179 2621 233 2668 ὢν.
243 2617 344 2685 expilat.
357 2619 419 2669 Ccd.
429 2618 518 2668 Duisb.
526 2618 549 2666 si
557 2635 602 2670 ser.
645 2624 742 2688 inquit,
753 2638 815 2687 rogo
826 2633 953 2688 exspectes
958 2645 982 2677 a,
997 2625 1086 2684 (iw-

88 2697 344 2764 equuodequidem
351 2697 525 2746 restituendum
532 2709 604 2762 puto.
685 2717 725 2762 17·
747 2704 830 2764 Atque
844 2702 895 2764 ipse
908 2699 1031 2766 supponit.
1051 2703 1120 2748 Fecc.
1133 2713 1162 2748 at

88 2781 130 2828 Μ.
143 2779 256 2828 Cressam
278 2793 325 2825 soc
351 2786 375 2823 et
388 2776 499 2840 Pompeii
511 2791 603 2824 consu·
645 2778 695 2844 ipse
706 2795 726 2827 e.
741 2781 822 2842 Atque
833 2778 922 2844 legitur
931 2779 958 2826 in
971 2779 1081 2849 quinque
1095 2780 1160 2830 On.

88 2859 141 2906 letu
162 2857 235 2905 tertio
256 2854 398 2922 (secundo,
415 2869 472 2903 eun.
491 2855 521 2902 U.
538 2855 603 2917 698,
646 2857 769 2923 (quorum
782 2857 832 2906 duo
846 2858 908 2908 elter
921 2856 987 2920 ἰρεα,
1003 2857 1064 2905 elter
1077 2855 1161 2920 istu),

89 2950 119 2988 ut
132 2937 228 3002 scripsit
237 2933 375 2984 Weteeled
391 2935 454 2983 Fest.
470 2929 550 2998 Cepit.
563 2949 603 2982 re-
646 2948 670 2985 et
682 2937 708 2983 iu
722 2936 778 2984 edd.
792 2946 853 2984 vett.
870 2936 1019 3000 retinuitque
1040 2936 1158 2984 Greeviue.

88 3015 175 3084 etius)
189 3015 295 3082 tepuisse
307 3013 357 3062 duo
368 3012 441 3061 millis
453 3011 539 3078 pondo
552 3011 605 3059 euri
647 3039 660 3060 α
670 3017 761 3077 Recte,
779 3016 815 3064 eit
828 3015 969 3064 Ernestius:
986 3015 1007 3064 ei
1024 3015 1070 3064 esd
1081 3025 1157 3073 esset,

68 3131 76 3138 -
87 3117 102 3148 e
113 3095 254 3162 Cepitclino
262 3093 334 3143 Jovis
345 3093 423 3151 solio,
433 3107 447 3138 e
456 3089 558 3140 Gemiilo
568 3089 604 3138 ibi
644 3095 733 3146 [emm
742 3116 763 3144 s,
777 3096 857 3158 Atque
871 3105 909 3144 sse
920 3105 944 3142 se
952 3093 1030 3155 adso,
1046 3105 1074 3144 us
1087 3096 1160 3144 Tm,

87 3175 207 3234 coudite,
231 3174 324 3222 Plinius
345 3182 432 3220 eoctor
452 3180 489 3220 eet
506 3187 559 3235 cep.
581 3186 604 3228 1,
646 3173 804 3234 v‚15‚st:
821 3173 1160 3238 seifueritie,qoihteche·

87 3257 133 3306 iib.
154 3256 283 3312 mm,
302 3263 332 3300 ut
351 3267 382 3298 ue
402 3249 487 3298 ceresio
505 3248 604 3313 quidem
626 3239 702 3315 ¹isset,
720 3253 825 3315 injustus
830 3287 926 3304 ......
943 3251 1026 3314 hebeti
1045 3254 1159 3317 ingenio,

87 3335 234 3385 abstinuisse
247 3331 345 3389 credn,
364 3327 407 3396 qui
423 3328 465 3376 tili
477 3328 603 3393 florilegio
645 3345 719 3398 etqee
732 3332 801 3380 nullo
811 3354 838 3391 ι,
856 3331 986 3398 iungitque
1004 3333 1077 3382 verbe
1090 3349 1159 3398 seqq.

87 3434 114 3466 se
128 3413 294 3463 obstrinxerit.
312 3413 431 3460 sisvms.
646 3429 698 3464 uon
709 3429 765 3460 com
773 3411 894 3477 proximis
902 3423 947 3460 uer
956 3428 988 3460 ue
1001 3429 1071 3476 exsp.
1081 3429 1106 3478 q.
1117 3413 1160 3460 sed

130 3496 170 3542 ιδ.
190 3493 333 3556 Exspectat.
352 3492 383 3538 In
395 3488 471 3535 verbo
484 3487 531 3536 hoc
544 3487 604 3537 latet
647 3510 704 3542 cum
717 3492 750 3541 η’,
762 3523 786 3540 ..
803 3501 938 3556 exspectas.
960 3491 1057 3540 Idcirco
1080 3502 1161 3540 umen

86 3575 206 3624 odiosum
210 3569 369 3626 desiderium
379 3579 406 3616 ut
415 3584 490 3632 quum
499 3567 603 3615 dicimus
647 3571 790 3636 interposite
801 3571 842 3619 iile
854 3571 929 3620 nolim
940 3570 1047 3618 excludi.
1062 3571 1161 3620 Hebeut

87 3677 101 3696 a
110 3661 251 3716 snpectere
265 3658 367 3696 mortem
379 3646 482 3707 elicujus
492 3667 514 3692 υ.
528 3645 604 3694 esec.
647 3651 711 3701 enim
724 3649 816 3715 aliquid
834 3649 998 3698 excusetiouis
1010 3650 1037 3696 in
1050 3665 1162 3698 sermone

86 3727 602 3792 -tJthrent.ttecyr·1v‚²‚19=·Hrrc
648 3729 766 3780 iemiiieri.
794 3731 878 3778 Gen.
902 3756 937 3765 -
959 3727 1084 3796 Suppetit.
1111 3728 1160 3776 lut.

85 3811 150 3862 mihi
161 3821 197 3859 est
208 3825 266 3858 eure
277 3809 396 3866 menime,
410 3818 439 3856 ut
450 3823 480 3856 ue
491 3805 532 3853 cui
544 3820 604 3854 mese
647 3809 748 3876 subjicis
756 3810 814 3858 tato
823 3805 871 3874 pro
881 3809 952 3857 veris.

87 3893 267 3958 Longinquitas
275 3891 351 3940 seretis
362 3890 460 3952 obstet,
471 3899 604 3938 mortemve
685 3891 725 3939 18.
744 3888 845 3936 Videbo.
859 3891 889 3936 ln
900 3897 1006 3953 quatuor
1019 3889 1114 3936 Mennt.
1130 3883 1163 3932 li·

87 3984 215 4040 exspectet
225 3987 302 4019 metm
311 3991 332 4016 n.
342 3971 397 4018 Hoc
406 3969 476 4028 loco,
490 3979 518 4016 ut
529 3969 606 4034 Quiu-
649 3970 700 4020 brie
713 3979 750 4018 eet
763 3967 843 4018 rideo.
861 3966 957 4016 Deinde
975 3966 1025 4014 duc
1043 3963 1122 4026 ejusd.
1136 3969 1163 4009 et

90 4055 127 4104 tii.
139 4053 191 4112 IK,
204 4053 233 4112 3,
246 4051 295 4113 68,
306 4060 330 4098 et
342 4047 417 4098 oud.
428 4049 490 4097 Met.
504 4051 527 4108 1,
542 4050 605 4108 148,
650 4051 688 4100 ed.
697 4048 777 4113 Lugd.
787 4058 826 4096 sot
834 4059 877 4096 est.
886 4045 968 4094 Genu.
