2762 4682
297 405 334 472 r.
352 403 591 474 vmnnrtn
615 401 896 472 acrnnmm.
1083 421 1127 494 91

64 521 217 613 geriiber
233 521 276 586 ad
292 545 354 588 nos
374 525 588 612 pervenisset,
607 545 675 588 non
702 539 786 588 esset
814 520 904 611 quod
922 519 963 584 de
990 519 1136 584 Philonis

64 627 222 693 sententia
241 626 476 694 dubitaremus.
490 630 613 694 Verum
631 652 671 693 ex
684 628 848 694 Ciceronis
866 627 1012 692 oratione
1025 625 1136 690 omnia

64 737 129 798 fere
145 733 394 800 interciderunt
410 736 647 803 Adhuctamen
659 737 756 802 etiam
772 735 806 800 in
823 733 959 798 Lucullo
971 756 1038 798 non
1056 732 1139 798 mul·

64 855 133 904 tum
149 864 170 904 a
186 839 334 904 Philonis
350 863 448 908 sensu
460 844 652 910 Ciceronem
666 841 818 910 recedere
829 837 1040 920 crediderim,
1052 861 1138 927 prm·

64 961 111 1010 ter
130 945 166 1010 id
182 945 276 1034 quod
291 948 417 1036 opinari
440 973 509 1014 non
525 951 663 1039 probat,
684 947 774 1038 quod
792 947 946 1037 probasse
968 943 1137 1009 Philonem

63 1053 141 1116 citra
151 1055 410 1120 controversiam
422 1072 481 1122 est.
497 1057 647 1146 Namque
659 1055 749 1146 quod
760 1053 802 1119 ad
812 1051 1137 1142 comprehensionem

63 1158 196 1242 attinet,
214 1183 333 1249 parum
351 1177 409 1226 ant
424 1163 506 1227 nihil
522 1163 669 1228 Philonis
685 1159 846 1227 sententia
859 1183 878 1224 a
891 1155 1057 1224 Carneade
1073 1153 1139 1220 dis·

64 1263 164 1348 cedit,
173 1267 229 1330 cui
243 1267 359 1349 etiam,
370 1267 473 1334 immo
487 1283 521 1334 et
533 1270 680 1334 Arcesilae
690 1267 957 1354 Amdemicisque
969 1262 1140 1343 omnibus,

65 1369 104 1434 de
121 1389 305 1460 prostrema
321 1373 375 1438 illa
400 1373 598 1441 definitionis
625 1391 716 1465 parte
741 1391 810 1439 tota
838 1372 991 1438 adversus
1014 1369 1140 1436 Stoicos

65 1478 286 1544 controversia
302 1479 376 1544 fuit.
400 1482 566 1547 Immerito
592 1497 702 1548 autem
727 1481 773 1545 iili
799 1478 1006 1544 mendacium
1026 1475 1140 1556 objici,

66 1582 195 1668 Cicero,
209 1585 281 1650 istis
301 1609 341 1651 ex
361 1585 497 1652 lucullo
516 1588 562 1677 (1)
580 1588 705 1670 verbis,
722 1585 928 1651 subindicare
944 1586 1079 1648 fortasse
1093 1581 1141 1644 vi·

66 1687 178 1756 deansr
196 1713 231 1755 :-
245 1688 311 1755 Sed
320 1707 360 1756 ut
376 1715 508 1776 omnes,
523 1693 646 1783 inquit,
656 1693 736 1757 istos
749 1692 896 1772 aculeos,
912 1705 946 1755 et
956 1690 1021 1753 hoc
1032 1703 1139 1752 totum

67 1811 253 1866 tortuosum
271 1821 376 1888 genus
392 1799 579 1889 disputandi
602 1802 843 1889 relinquamus,
865 1795 1142 1882 ostendamusque

67 1903 120 1988 qui
134 1903 266 1986 simus3
286 1904 353 1984 jam
369 1908 523 1995 explicata
544 1923 613 1972 tota
634 1905 809 1972 Carneadis
828 1902 1004 1984 sententia,
1022 1899 1140 1965 Antio-

66 2006 118 2070 chi
133 2008 194 2074 ista
212 2027 372 2076 corruent
387 2012 546 2077 universa.
566 2013 637 2077 Nec
659 2035 739 2076 vero
755 2008 935 2100 quidquam
952 2008 995 2072 ita
1013 2005 1140 2084 dicam,

69 2127 104 2176 ut
114 2115 291 2203 quisquam
305 2115 342 2181 id
351 2115 431 2208 fingi
452 2119 657 2208 suspicetur:
671 2117 903 2184 aClitomacho
916 2136 1043 2179 sumam
1067 2111 1138 2200 [qui

68 2239 169 2307 usque
183 2219 228 2286 ad
241 2238 444 2289 senectutem
463 2247 539 2289 cum
557 2224 722 2292 Gameade
737 2225 819 2308 huit,
835 2223 937 2288 horno
956 2236 988 2286 et
1005 2233 1140 2298 acutus,

69 2339 104 2388 ut
118 2325 253 2409 Poenus,
268 2343 303 2392 ct
314 2329 408 2395 valde
425 2330 591 2398 studiosus
609 2349 642 2397 et
658 2330 813 2423 diligens]
830 2359 855 2396 ι.

109 2453 162 2517 7⁰·
182 2433 310 2522 Igitur,
324 2451 364 2500 ut
376 2435 525 2520 videtnr,
543 2439 578 2503 in
593 2439 700 2504 verbis
713 2439 820 2503 solum
833 2435 929 2500 Philo
942 2457 961 2498 a
974 2429 1139 2498 Carneade
1209 2461 1212 2471 «

70 2534 295 2622 dissentiebat,
306 2540 468 2629 siquidem
479 2557 629 2634 percepta
639 2559 672 2608 et
682 2547 811 2632 cognita
825 2540 961 2606 vocabat
972 2539 1043 2620 ills,
1065 2557 1139 2625 quas

71 2643 248 2714 &medes
263 2650 346 2722 dms,
369 2648 406 2714 id
420 2667 485 2733 est,
509 2665 619 2732 certa,
644 2667 679 2715 et
694 2662 798 2731 ἐναργῆ,
822 2647 855 2713 id
873 2663 936 2729 est,
947 2648 1137 2736 perspiciam

70 2771 137 2836 quse
147 2753 232 2818 ratio
241 2753 285 2818 ad
297 2757 494 2843 posteriores
505 2758 603 2822 etiam
615 2756 825 2823 Academicos
837 2773 1041 2844 permanasse
1054 2748 1140 2814 vide-

69 2869 127 2923 tur.
138 2857 292 2947 Namque
306 2860 450 2926 Galenus
460 2860 507 2951 (α)
524 2863 656 2945 scribit,
672 2862 894 2928 Pharonnum
907 2855 1138 2925 Academicum

70 2959 101 3026 in
122 2964 270 3051 quodam
283 2966 384 3049 libro,
398 2969 454 3032 cui
475 2967 640 3035 Alcr‘btbdi
653 2991 773 3034 nomen
794 2967 928 3048 fecerit,
950 2963 1140 3052 scripsisse,

71 3065 238 3136 Probabile
254 3071 318 3137 sibi
335 3072 453 3156 rideri,
473 3075 569 3140 Ntttt
582 3073 824 3164 comprehendi:
839 3074 873 3138 in
885 3071 948 3136 alio
959 3091 1038 3134 rem
1052 3067 1138 3148 ejus·

71 3171 139 3242 dem
165 3179 359 3264 volumine,
387 3181 582 3248 Plutarcho
600 3184 774 3273 inscripto,
797 3179 994 3246 concessisse
1013 3173 1137 3254 rideri,

69 3279 147 3348 Em
161 3283 293 3374 aliquid
304 3287 392 3376 quod
404 3289 695 3378 comprehendatur.
714 3285 829 3372 Quod,
848 3307 913 3374 qua
928 3281 1138 3372 exposuimus

71 3387 193 3455 ratione
209 3413 228 3455 a
249 3391 436 3460 Phanorino
460 3419 670 3478 concessum,
685 3412 739 3460 est
760 3389 1017 3482 intelligendum.
1034 3387 1142 3452 Philo·

67 3515 141 3560 nem
158 3497 248 3562 enim
271 3499 474 3568 Pharorinus
485 3503 682 3568 omnimodo
698 3516 857 3591 sequutus
872 3497 1010 3564 ridetur.
1029 3497 1137 3561 Accu·

71 3618 154 3668 satur
171 3626 318 3694 namque
334 3607 369 3671 in
386 3608 503 3674 eodem
523 3609 636 3675 Galeni
652 3610 758 3687 libro,
784 3605 875 3696 quod
890 3627 994 3693 quum
1011 3600 1137 3669 Arade-

72 3707 170 3774 nicus
192 3710 307 3777 haberi
332 3713 425 3798 velit,
455 3715 663 3805 antiquorum
685 3713 842 3806 Epochen
863 3710 1052 3778 deseruerit
1079 3709 1138 3772 Est

71 3835 145 3881 tero
155 3817 226 3884 hmc
241 3820 391 3886 universa
410 3821 554 3888 Philonis
570 3823 674 3888 ratio:
694 3822 827 3912 Epoche
842 3843 911 3886 non
935 3819 1000 3900 uti,
1016 3837 1077 3882 nec
1094 3813 1136 3880 ah

104 4046 144 4113 (ι)
160 4050 275 4099 Acsdcm.
290 4049 334 4100 lib.
347 4053 384 4112 11,
396 4067 449 4118 csp.
459 4055 503 4102 31.

105 4133 142 4200 (s)
159 4138 195 4186 De
206 4139 304 4204 optimo
313 4137 419 4191 docendi
430 4141 525 4192 Genese
534 4136 617 4204 (initio
625 4137 763 4204 uectatus),
778 4155 833 4206 Η·
846 4147 906 4202 49Ὶι
921 4139 980 4202 ⁴⁹⁸·
