2776 4688
244 340 319 434 xvj*
423 341 551 410 NOVI
576 339 820 410 EDITORIS
845 338 1120 408 PRAEFATIO.

244 459 481 537 Elisabetanei
500 435 721 531 Protectoris
740 472 776 530 et
796 457 889 532 Prof.
910 461 1072 557 itemque
1097 458 1191 532 illius
1213 458 1308 532 bibl.

245 576 402 676 presidis
419 573 524 670 longe
544 573 773 644 meritissimi.

292 690 355 785 «7⁰
371 687 575 760 Basileensis
604 685 832 758 collationem
860 685 1029 784 exemplo
1044 685 1179 758 Aldinae
1199 685 1311 772 1565,

247 801 305 872 cui
324 798 465 897 appicta
478 810 546 882 est,
561 793 752 884 debemus,
767 796 956 892 aWegelio
970 798 1190 894 nescioquo,
1204 798 1313 892 cujus

247 914 322 984 haec
345 917 382 983 in
398 909 471 982 fine
488 908 571 980 libri
589 909 724 1005 adjecta
740 909 848 981 verba
865 925 969 1000 sunt,
986 913 1171 1009 ‹excerpsi
1182 914 1314 1007 Wege-

146 1021 148 1028 ’
247 1029 317 1100 lius
338 1029 376 1098 in
399 1024 488 1098 bibl.
508 1029 584 1096 Bas.
610 1025 740 1121 1698».
776 1025 876 1097 Idem
908 1023 1037 1097 eodem
1069 1027 1107 1095 in
1142 1026 1313 1122 exemplo

247 1144 419 1216 binorum
451 1139 618 1211 codicum
643 1143 829 1212 varietates
857 1140 902 1212 ad
932 1139 1044 1212 libros
1074 1139 1119 1212 de
1145 1139 1314 1229 Finibus,

248 1256 472 1352 totidemque
490 1252 534 1323 ad
550 1251 766 1324 Tusculanas
782 1255 908 1352 Dispp.
926 1252 1123 1352 adscripsit.

173 1399 176 1410 =
296 1371 384 1441 «His
396 1368 564 1441 codicum
575 1371 789 1464 scriptorum
809 1367 1060 1441 collationibus
1079 1368 1315 1463 adjunximus

250 1487 356 1557 etiam
381 1484 567 1554 varietates
597 1506 673 1567 eas,
702 1506 790 1579 quas
814 1497 850 1554 et
871 1486 988 1554 Oxon.
1013 1482 1120 1581 1783,
1146 1508 1166 1554 e
1192 1481 1314 1554 tribus

251 1600 355 1675 codd.
378 1607 417 1674 E.
435 1605 477 1670 V.
499 1599 534 1693 ψ.
557 1600 721 1696 signatis,
744 1613 781 1670 et
795 1599 904 1670 Alteri
926 1599 982 1671 ed.
1000 1599 1144 1670 Viennae
1162 1597 1272 1696 1786,
1289 1622 1314 1670 e

250 1716 330 1790 cod.
346 1741 381 1786 n.
399 1740 479 1788 cmx
497 1711 675 1812 praebent,
694 1714 801 1784 textis
821 1712 1042 1810 corrigendis
1063 1711 1227 1784 nondum
1244 1710 1314 1782 ad-

248 1833 395 1906 hibitas:
417 1831 504 1902 item
530 1829 575 1902 de
600 1828 750 1900 Allionis
774 1827 1067 1900 Academicorum
1093 1826 1315 1915 editionem,

249 1951 315 2044 qui
334 1945 460 2031 binos,
480 1943 542 2016 sed
560 1946 636 2040 sine
660 1943 796 2040 preti0‚
813 1943 965 2040 scriptos
986 1940 1159 2029 contulit,
1175 1954 1211 2011 et
1230 1943 1315 2012 eAm

180 2068 182 2078 '
250 2061 333 2132 libri
355 2061 478 2159 primi,
501 2082 580 2154 quae
605 2056 762 2132 Coloniae
793 2057 901 2153 1748,
926 2055 972 2127 ab
996 2055 1145 2127 Hubero
1170 2069 1316 2143 curata,

250 2166 352 2247 mero
368 2187 469 2244 textu
486 2170 639 2269 prodiit,
652 2194 719 2242 nec
733 2193 907 2266 umquam
919 2168 1054 2242 venalis
1069 2170 1237 2268 prostitit.

297 2288 533 2364 «Editionum
550 2308 699 2382 quoque
719 2301 880 2356 veterum
902 2287 985 2356 satis
1003 2310 1136 2384 magno
1158 2309 1316 2356 numero

250 2408 307 2477 usi
327 2423 473 2489 sumus;
498 2425 517 2472 e
538 2399 671 2497 quibus
695 2401 859 2498 inprimis
879 2403 1076 2471 Venetiana
1102 2403 1211 2497 1494,
1228 2403 1317 2471 Cra·

251 2517 417 2604 tandria,
460 2528 614 2611 utraque
650 2517 863 2585 Ascensiana
897 2517 1076 2585 nominari
1113 2528 1314 2585 merentur.

252 2639 383 2705 Praesto
398 2629 503 2700 nobis
518 2630 624 2700 etiam
644 2625 713 2699 fuit
725 2634 778 2699 Jo.
797 2633 898 2700 Rosae
914 2631 951 2698 in
971 2627 1199 2716 Academica,
1217 2642 1253 2698 et
1270 2626 1316 2697 li·

251 2743 338 2816 bros
357 2739 402 2812 de
422 2738 588 2826 Finibus,
614 2741 913 2825 commentarius,
941 2737 1102 2809 Francos.
1129 2738 1174 2808 ad
1202 2741 1317 2810 Moen.

257 2859 362 2956 1571,
386 2859 530 2928 raritate
550 2855 678 2950 magis,
701 2879 809 2951 quam
834 2854 986 2926 utilitate
1007 2852 1316 2926 commendabilis.

251 2971 388 3046 Pendet
406 2972 503 3042 enim
524 2971 617 3038 Rosa
635 2968 673 3036 in
695 2969 825 3038 criticis
849 2983 947 3039 totus
971 2993 991 3038 a
1015 2967 1207 3055 Lambino,
1228 2981 1264 3037 et
1284 2969 1316 3037 si

252 3086 399 3186 quando
418 3087 494 3182 ipse
514 3081 758 3176 conjecturam
779 3096 911 3165 tentat,
932 3081 1145 3179 plerumque
1162 3081 1316 3152 lacitin-

251 3207 323 3274 vita
339 3204 510 3272 Minerva,
528 3204 571 3269 ln
592 3197 828 3295 explicatione
847 3212 987 3283 tamen,
1009 3198 1172 3295 inprimis
1189 3221 1315 3266 rerum

252 3313 521 3416 philosophiam
539 3314 797 3410 spectantium,
817 3337 883 3409 pro
900 3312 965 3382 illis
979 3309 1219 3410 temporibus,
1237 3336 1316 3380 non

254 3433 360 3529 plane
383 3424 671 3500 contemnendus
694 3439 758 3518 est.
788 3425 939 3523 Reliqua
962 3425 1120 3498 subsidia
1141 3423 1185 3496 ad
1205 3425 1317 3496 crisin

252 3543 397 3615 adfuere
422 3537 529 3610 nobis
556 3531 729 3633 pleraque
758 3538 891 3608 omnia.
926 3543 1003 3610 Hoc
1030 3563 1112 3608 cum
1138 3551 1316 3635 apparatu

254 3656 349 3730 haud
370 3677 481 3753 pauca
500 3650 578 3722 loca
597 3653 790 3720 restituisse
806 3650 911 3722 nobis
927 3650 1108 3740 videmur,
1128 3653 1207 3722 licet
1226 3676 1316 3722 con-

251 3774 400 3868 jecturae
420 3769 522 3838 locus
540 3765 654 3835 rarius
675 3763 832 3852 daretur,
849 3790 957 3861 quam
978 3764 1023 3837 ad
1043 3765 1130 3837 libb.
1155 3765 1199 3837 de
1213 3767 1317 3861 Legi-

253 3885 344 3957 bus:
368 3901 546 3976 nusquam
563 3877 660 3946 enim
674 3875 896 3948 diversarum
914 3876 1129 3949 familiarum
1146 3881 1240 3950 inter
1258 3901 1315 3948 co-

252 4001 350 4074 dices
374 3994 670 4069 Academicorum
701 3993 848 4088 vestigia
878 4008 1124 4092 comparent.»

651 4154 937 4185 -ΟΘῦ--ι
