2756 4692
509 429 700 499 TIMAEUS.
1062 422 1132 497 553

65 565 161 609 nna
168 545 262 610 Valde
275 547 401 627 quidem.
412 551 564 608 Socmrss.
579 551 622 609 lta
636 549 773 609 educatos
782 548 912 608 homines
922 567 1016 626 neque
1031 569 1134 608 aurum

66 663 167 721 neque
187 654 359 721 argentum,
375 661 470 720 neque
496 641 575 701 aliud
600 640 758 721 quidquam
780 640 932 720 proprium
953 653 1003 699 aut
1027 640 1135 700 habere

67 749 121 793 ant
135 749 240 813 putare
254 733 424 806 statuimus;
444 733 494 792 scd
508 747 655 812 tamquam
675 733 821 814 adjutores
834 731 1133 811 publicasquemini-

65 839 146 886 stros
158 827 221 886 sola
234 825 365 885 mercede
378 837 529 885 contentos
542 845 623 900 esse,
637 838 717 886 tanta
727 825 765 884 ab
779 824 839 896 his,
851 843 924 902 qnos
941 835 1075 897 tuentur,
1086 844 1133 883 er·

66 916 180 990 hibita,
195 929 302 996 quanta
317 917 465 976 moderate
481 918 646 979 viventibus
667 919 800 978 sufficere
812 915 946 976 videatur
961 937 969 974 ι
987 916 1132 997 stipendio

67 1023 214 1088 praeterea
235 1009 354 1089 publico
368 1010 398 1068 in
419 1028 572 1068 commtme
592 1011 637 1069 uti
662 1011 823 1082 voluimus,
840 1021 870 1067 et
891 1007 928 1066 sd
951 1021 1132 1074 communem

66 1103 148 1160 inter
161 1121 194 1161 se
208 1102 317 1160 rictum
331 1100 514 1180 impendere,
536 1116 569 1161 nt
584 1103 687 1162 ceteris
702 1100 876 1182 posthabitis
896 1099 1030 1163 omnibus
1045 1101 1133 1160 solius

67 1195 190 1254 virtum
203 1206 233 1252 et
249 1193 387 1252 custodiae
400 1213 499 1253 curam
514 1194 649 1254 habeant
664 1199 794 1255 Turnus.
809 1199 877 1254 Haec
895 1213 1012 1272 qnoque
1025 1193 1065 1252 ita
1080 1191 1132 1252 abs

69 1299 99 1344 te
112 1285 193 1344 dieta
203 1285 329 1344 fuerunt.
343 1289 502 1345 Socasrss.
514 1289 655 1346 Naturam
663 1299 804 1366 praeterea
815 1287 969 1346 mulierum
977 1307 1036 1344 non
1050 1286 1135 1344 aliter

68 1395 161 1454 mam
181 1376 310 1435 virorum
330 1377 426 1454 effingi
445 1379 653 1457 praecepimns3
678 1378 831 1457 studiaque
852 1378 968 1446 omnia,
988 1391 1046 1438 tam
1060 1376 1133 1436 belli

67 1489 159 1548 quam
183 1469 280 1549 pacis,
301 1468 469 1529 mulieribus
491 1491 557 1529 cum
580 1471 650 1530 viris
670 1491 732 1530 esse
754 1471 926 1530 communia.
944 1475 1073 1530 Turnus.
1094 1467 1130 1528 Id

67 1581 190 1641 qnoque
201 1561 319 1621 dictum.
333 1565 487 1623 Socmras.
501 1568 548 1622 An
562 1565 665 1623 tenetis
678 1563 828 1636 memoria,
844 1584 909 1642 quae
923 1563 960 1622 de
974 1581 1134 1642 procrean-

68 1653 115 1713 dis
131 1652 234 1714 liberis
247 1653 394 1713 diximus?
421 1655 495 1713 lorte
512 1675 582 1715 vero
600 1655 640 1715 oh
657 1657 701 1716 rei
720 1657 812 1736 ipsius
833 1656 992 1716 novitatem
1013 1655 1134 1714 firmiter

69 1747 221 1806 tenuistis:
230 1765 396 1806 communes
405 1749 515 1826 quippe
524 1749 641 1827 nuptias
657 1745 823 1825 liberosque
832 1747 992 1818 statuimus,
1005 1758 1037 1804 ut
1049 1765 1135 1804 nemo

68 1853 155 1899 natos
169 1859 238 1898 suos
251 1832 410 1911 discerpat,
430 1829 481 1898 sed
495 1859 596 1900 omnes
612 1839 649 1898 ab
665 1838 800 1898 omnihus
814 1837 1019 1917 consanguinei
1034 1838 1135 1896 existi-

69 1945 204 2004 mentur,
223 1931 293 1990 dum
314 1931 437 2008 aequales
454 1930 543 1990 ferme
559 1943 630 1990 natu
649 1932 753 1991 iratres
773 1949 945 2008 sororesque
964 1929 1088 1989 vicissim
1103 1949 1134 1990 se

65 2022 217 2100 judicant,
236 2021 392 2100 majoribus
409 2042 480 2082 vero
495 2037 612 2103 patrum
631 2025 676 2082 vel
698 2043 819 2083 avorum
840 2023 1030 2081 reverentiam
1049 2022 1135 2081 exhi-

68 2115 231 2194 benaerga
239 2115 366 2173 minores
375 2127 472 2174 autem
486 2127 633 2195 tamquam
642 2115 716 2174 lilios
729 2129 759 2175 et
772 2127 893 2194 nepotes
902 2115 1134 2176 alliciunturssl'r-

70 2227 163 2267 1eus.
190 2213 258 2268 Haec
277 2227 395 2287 qnoque
417 2222 580 2268 memoratu
599 2209 693 2268 facilia
707 2221 783 2267 sunt.
800 2211 958 2268 Socnsrrs.
979 2210 1135 2268 litantem

69 2321 160 2380 qnam
174 2301 279 2379 optimi
299 2299 414 2380 abipso
431 2300 515 2360 initio
535 2321 591 2381 pro
609 2299 722 2360 viribus
735 2301 936 2381 gignerentur,
954 2302 1136 2379 magistratus

69 2395 224 2472 utriusque
236 2411 319 2452 sexus
327 2393 435 2472 nuptiis
444 2394 667 2473 praeposuimus,
680 2394 731 2472 qui
741 2394 814 2454 clam
825 2393 951 2454 'sortibus
962 2392 1135 2472 quibusdam

70 2505 193 2566 operam
213 2485 332 2556 darent,
350 2497 382 2543 ut
406 2487 489 2564 pravi
513 2487 624 2565 pravis,
644 2486 717 2546 boni
738 2501 840 2547 contra
858 2487 943 2547 bonis
965 2487 1135 2547 mulieribus

70 2579 275 2651 miscerentur,
288 2594 384 2656 neque
401 2579 459 2637 ulla
472 2577 511 2637 oh
531 2578 588 2638 hoc
602 2579 748 2640 discordia
763 2581 899 2654 oriretur,
912 2600 1002 2658 quum
1016 2580 1045 2637 in
1064 2600 1136 2637 con-

69 2691 171 2748 gressu
182 2669 275 2728 minus
286 2687 427 2748 prospero
438 2671 561 2748 quisque
575 2671 720 2730 fortunam
728 2673 825 2750 potius
840 2673 876 2730 sit
887 2691 973 2750 quam
983 2669 1134 2730 consilium

71 2763 237 2839 principum
261 2761 437 2839 culpaturus.
458 2766 585 2821 Tirsos.
603 2761 811 2822 Recordemur.
822 2767 982 2823 Socmrns.
993 2765 1135 2821 Praeterea

69 2854 219 2914 sanximus
232 2851 376 2912 bonorum
389 2854 474 2912 lictus
490 2854 520 2912 in
533 2854 627 2932 patria
635 2853 754 2912 alendos
767 2873 838 2926 esse,
847 2855 969 2913 aliorum
981 2873 1052 2912 vero
1064 2855 1136 2912 alios

70 2945 130 3005 alio
146 2946 221 3005 clam
234 2945 388 3005 mittendos
401 2967 408 3003 :
421 2945 535 3005 adultos
551 2939 667 3005 denium
683 2958 822 3023 utrosque
836 2944 988 3022 diligenter
1001 2945 1135 3004 conside-

68 3037 191 3111 randos,
213 3049 262 3106 ut,
286 3038 374 3115 siqui
390 3037 467 3097 inter
488 3038 632 3116 relegatos
649 3036 735 3096 honae
749 3035 857 3096 indolis
870 3037 942 3108 sint,
965 3037 994 3094 in
1008 3037 1132 3116 patriam

69 3130 293 3202 revocentur3si
304 3131 355 3208 qui
363 3151 434 3190 vero
446 3131 523 3189 inter
536 3130 709 3190 domesticos
718 3142 818 3188 contra
826 3121 1135 3202 videanturaliecti,si·

69 3225 179 3284 militer
188 3224 540 3300 relegentur.annus.lta
549 3235 687 3282 statutum
693 3234 745 3280 est.
752 3224 910 3282 Socasrns.
918 3225 995 3280 Num
1001 3221 1070 3280 satis
1073 3219 1133 3298 jam

68 3316 235 3376 hesternam
245 3314 485 3394 disputationem,
500 3329 640 3394 quantum
654 3314 826 3394 compendio
838 3314 920 3387 licet,
931 3314 1133 3373 narravimus?

71 3429 107 3468 an
122 3408 234 3486 aliquid
249 3409 336 3466 etiam
353 3427 370 3466 a
387 3427 431 3467 me
445 3407 685 3486 pretermissum,
709 3427 727 3466 o
742 3406 832 3466 amice
845 3405 973 3477 Timaec,
989 3408 1133 3465 recenseri

70 3501 373 3564 desiderasiTnsans.
384 3500 464 3560 Nihil
479 3520 566 3559 sane:
582 3500 645 3559 haec
663 3501 740 3559 enirn
753 3501 936 3570 semesum,
953 3517 1018 3577 quae
1032 3511 1134 3558 tracta·

69 3613 165 3653 veras.
177 3596 332 3653 Socasrrs.
347 3593 455 3652 Audite
463 3592 615 3671 deinceps,
631 3612 690 3671 quo
703 3607 790 3671 pacto
804 3611 871 3670 erga
883 3590 972 3664 hanc,
986 3611 1073 3669 quam
1085 3591 1136 3650 de—

69 3685 254 3765 scripsimus,
269 3684 476 3763 rempublicam
491 3685 544 3744 sim
562 3685 703 3744 allectus:
718 3685 935 3763 comparatione
955 3685 1039 3763 plane
1052 3684 1136 3743 robis

70 3779 225 3858 aperiam:
248 3776 492 3855 quemadmodum
506 3778 530 3836 si
551 3777 615 3856 quis
634 3777 768 3836 animalia
785 3777 895 3836 eximiae
909 3776 1134 3855 pulchritudinis

69 3871 204 3942 intuitus,
218 3889 271 3929 seu
283 3871 379 3948 picta,
392 3889 444 3930 scu
459 3869 524 3929 viva
536 3869 664 3948 quidem,
678 3869 728 3928 sed
741 3870 902 3949 torpentia,
917 3883 1012 3928 motus
1024 3881 1134 3946 gestus-

70 3983 128 4041 que
140 3963 299 4021 riventium
314 3975 344 4020 et
359 3975 505 4021 certamen
519 3959 638 4040 aliquod
651 3980 752 4020 eorum
767 3975 897 4041 spectare
911 3961 1074 4019 desideret:
1091 3959 1132 4018 sic

70 4075 124 4132 ego
139 4074 217 4113 nunc
235 4053 359 4114 libenter
380 4055 504 4133 aliquem
519 4047 688 4114 narrantem
702 4053 850 4125 audirem,
864 4061 924 4130 quo
940 4062 1025 4130 pacto
1044 4069 1138 4130 supra,

71 4146 216 4226 descripta
232 4146 331 4206 civitas
345 4165 410 4205 cum
424 4145 549 4206 finitimis
564 4143 726 4205 civitatibus
741 4145 920 4216 decertaret,
934 4141 1042 4220 quidve
1056 4156 1134 4204 tanta
