2716 4686
252 357 501 428 ACADEMIC.
526 359 579 446 11,
604 361 798 447 LIBERI,
829 383 882 430 ιι.
1050 363 1114 460 167

61 477 159 550 modo
176 477 419 552 arbitrabatur
437 479 637 579 quidquam
656 481 749 554 effici
764 506 871 581 posse
889 482 934 554 ab
953 482 1117 584 ea³‚quae

61 612 177 688 expers
194 604 290 660 esset
307 588 518 687 corporis⁴;
538 593 641 689 cujus
658 594 799 690 generis
815 591 1061 664 Xenocrates⁵
1081 611 1118 666 et

60 702 252 798 superiores
273 702 380 772 etiarn
402 701 561 772 animum
581 727 657 774 esse
682 699 901 774 dixerunt⁶:
921 727 988 774 nec
1008 729 1115 790 vero,

59 822 113 878 aut
124 807 225 906 quod
238 807 398 881 efficeret
412 808 567 908 aliquid,
584 827 648 883 aut
659 811 758 911 quod
774 810 997 901 efficeretur,
1011 823 1117 912 posse

58 943 124 989 esse
143 943 222 990 non
243 943 387 1017 corpus.

98 1028 251 1100 Plurima
269 1043 389 1136 autern
408 1033 448 1100 in
465 1029 525 1103 illa
542 1034 646 1104 tertia
664 1032 902 1132 philosophiae
918 1049 1021 1131 parte
1039 1060 1116 1106 mu-
1134 1069 1168 1128 40

59 1138 144 1208 tavit.
157 1143 200 1210 In
219 1164 293 1239 qua
310 1143 469 1238 primum
492 1141 539 1214 de
557 1142 724 1216 sensibus
742 1146 829 1243 ipsis
846 1141 1010 1243 quaedam
1028 1145 1119 1218 dixit

58 1259 184 1340 uora73
203 1275 298 1348 quos
319 1246 492 1346 junctos⁸
512 1277 589 1326 esse
606 1256 746 1326 censuit
767 1279 787 1326 a
809 1255 991 1353 quadams
1015 1258 1120 1353 quasi
1167 1277 1172 1288 ·

87 1470 111 1522 3.
130 1473 290 1541 Dr'screpabot
310 1475 385 1524 αἰανῆ
406 1475 439 1524 ab
460 1475 559 1537 iisdem,
604 1476 699 1526 ntione
719 1475 807 1527 dicere.
826 1476 901 1542 Quod
922 1477 950 1528 h.
969 1477 989 1528 l.
1011 1478 1118 1526 sumeris

57 1553 194 1616 quadrello
216 1554 289 1602 modo
303 1551 471 1602 arbitrabatur
489 1553 561 1618 qnid·
602 1571 672 1604 mens
685 1565 721 1604 eat
733 1557 842 1604 minime.
857 1557 902 1605 His
916 1556 980 1604 eninr
1001 1557 1028 1604 in
1043 1555 1115 1604 rebus

57 1647 120 1694 qum
138 1632 205 1702 effici
218 1649 293 1699 posse
310 1633 342 1681 ab
361 1651 410 1690 ea,
435 1643 481 1680 etc.
500 1633 560 1680 Haec
603 1650 659 1683 vere
671 1635 775 1683 discedit
786 1636 853 1683 Zeno
865 1650 881 1683 a
894 1634 1068 1701 superioribus.
1083 1635 1115 1684 G.

58 1711 84 1757 ad
92 1711 280 1778 disputationem
295 1711 326 1760 de
336 1711 419 1760 divina
432 1722 515 1759 natura
525 1727 559 1758 re·
602 1716 675 1761 -In
692 1713 803 1761 sensibus
818 1713 940 1775 judicium
954 1714 1006 1761 veri
1024 1725 1117 1762 veteres

57 1787 163 1839 luuntur.
178 1792 245 1840 ilinc
255 1789 298 1838 illa
311 1791 352 1839 dei
364 1807 378 1838 a
388 1792 486 1838 Zenom
502 1787 558 1836 defi·
601 1808 653 1840 ease
667 1792 800 1852 nolebant,
821 1793 903 1844 sedin
921 1802 1021 1842 monte:
1040 1808 1116 1857 quum

57 1869 123 1926 nitio,
149 1887 224 1935 quem
250 1870 341 1934 ubique
363 1870 440 1918 Stoici
463 1879 559 1940 nonem
602 1872 668 1919 Zeno
676 1871 796 1932 judiciuin
807 1873 994 1920 veriineorum
1003 1887 1117 1936 compre·

58 1950 143 1998 nomine
156 1949 379 2014 comprehendunt.
395 1949 452 1997 Nat.
470 1950 502 2000 D.
520 1941 556 2007 11,
601 1949 761 1998 bensiouibns
774 1950 892 2014 posuerit.
902 1953 989 2001 Tuas.

57 2043 92 2086 aa,
109 2031 148 2090 573
168 2029 228 2080 coll.
244 2031 323 2078 hert.
337 2029 399 2088 vn,
421 2027 480 2077 156.
491 2026 555 2075 Plut.
638 2031 663 2079 8.
685 2031 751 2094 Quos
765 2028 875 2094 junctos.
886 2029 990 2078 Goerena
1003 2029 1116 2094 datquos

58 2105 190 2159 del’ltilcss.
204 2107 285 2157 deerr.
298 2113 321 2167 1,
333 2124 387 2173 cap.
398 2124 423 2168 7.
436 2107 468 2155 G.
600 2121 707 2158 cunctos.
722 2109 779 2168 lta,
796 2109 892 2174 inquit,
904 2097 1009 2171 conjecit
1020 2111 1115 2159 Ernest.

86 2188 110 2244 4.
121 2186 267 2253 Adeoquoe
275 2203 362 2252 expers
369 2195 432 2235 esset
443 2184 558 2251 corporis.
600 2188 739 2236 verissime:
758 2203 805 2251 pro
823 2188 921 2251 vulgata
934 2188 1048 2254 jasuetos.
1066 2188 1117 2236 Re·

57 2265 104 2312 Sol.
113 2277 206 2316 natura.
217 2267 280 2316 Aliis
295 2278 390 2328 manre,
404 2282 459 2330 quas
473 2266 510 2314 vis
522 2274 558 2313 est
600 2267 677 2332 liqui,
698 2278 725 2315 nt
740 2267 824 2316 Gniet.
837 2267 895 2331 qui,
910 2265 1019 2325 inustos‚·
1032 2268 1116 2316 Daris.

56 2342 168 2406 ellidens,
179 2362 285 2411 corpore
298 2357 368 2395 vacat
377 2382 385 2407 ‚
395 2345 488 2394 Zenoni
500 2361 559 2393 cor-
600 2349 643 2412 qni
660 2347 720 2396 ictos
737 2358 780 2395 ant
794 2357 918 2412 punctos,
939 2345 1008 2410 qnod
1028 2344 1118 2394 lllilss·

57 2437 193 2487 pontem,
210 2427 283 2491 ignis.
295 2426 401 2474 Proinde
412 2436 437 2475 et
448 2425 557 2484 animus,
600 2443 704 2476 manuus
727 2427 837 2490 recepit,
864 2425 896 2474 ad
920 2425 971 2474 loci
997 2435 1113 2473 contexta

56 2503 93 2565 qul
112 2520 141 2554 ex
160 2519 189 2554 ea
210 2505 331 2570 gignitum
350 2521 395 2554 nec
412 2504 493 2554 solnm
515 2519 558 2552 na·
600 2507 755 2570 Zenonisque
772 2505 915 2552 sententiam
929 2503 991 2552 male
1005 2519 1115 2551 consone

56 2584 168 2642 tura,sed
181 2585 309 2649 qualitates
323 2585 395 2633 stiam
411 2600 495 2634 ornnes
510 2583 558 2632 illis
600 2585 710 2635 suadent.
736 2587 802 2634 Zeno
827 2585 891 2632 enirn
914 2599 1028 2630 assertum
1051 2598 1114 2630 vocs

56 2675 182 2728 corporatae
199 2675 406 2729 renuentesque
423 2666 450 2712 in
463 2665 558 2714 Stoicos
600 2666 705 2714 maxime
716 2659 1116 2732 sensatiouesffispscniosse,sepso-

55 2739 170 2792 hacdere
185 2741 284 2793 libellus
299 2741 558 2807 Galenoadscriptns3
601 2745 718 2816 ηγορὶας,
746 2741 895 2806 intelligebat
919 2756 926 2791 ε
958 2740 1049 2804 qnippe
1072 2739 1116 2804 qni

56 2819 143 2870 etbiab
152 2822 295 2872 Alexandro
303 2824 407 2888 graviter
415 2837 559 2887 oppugnare·
602 2824 709 2891 quinque
718 2839 803 2870 sensns
816 2822 842 2869 in
856 2821 960 2870 sorid-
972 2819 1047 2868 animi
1059 2833 1115 2883 par·

57 2911 98 2950 tur.
114 2901 172 2964 Quo
191 2913 274 2952 antem
293 2901 458 2967 processerint
475 2917 560 2950 eornm
602 2905 668 2953 tibus
682 2912 795 2966 poneret.
814 2900 880 2950 Plut.
900 2899 995 2948 decreta
1009 2895 1113 2946 Pbiloss.
1214 2911 1217 2925 ’

57 2993 117 3043 tuga
125 3015 133 3040 ,
141 2999 173 3030 ex
181 2981 316 3031 Plutarcho
324 2981 446 3030 nmmos
458 2984 492 3030 Η.
602 2985 646 3041 Π,
660 2991 684 3040 t.
695 2984 750 3032 Jam
763 2991 848 3030 auctor
858 2981 907 3029 hoc
918 2993 1047 3028 commune
1059 2991 1114 3025 orn-

86 3061 108 3110 5.
130 3063 290 3112 Xenocrates.
314 3064 480 3112 Xenocratem
509 3076 561 3127 pras
602 3063 675 3112 nibras
693 3060 820 3120 sensibus,
839 3076 871 3108 ex
894 3059 1001 3108 Zenonis
1019 3067 1116 3113 mente,

56 3141 132 3188 ceteris
151 3139 355 3190 Academicorum
376 3151 435 3190 vett.
450 3141 561 3190 immate-
605 3141 677 3201 dicit,
690 3138 759 3204 qnod
769 3139 899 3204 pervisum
910 3133 1116 3186 extrinsecusob·

57 3219 186 3281 n'alitatem,
202 3238 276 3286 quam
290 3221 373 3270 schola
384 3233 470 3280 vocat,
487 3221 561 3268 animi
603 3223 692 3280 latum,
703 3236 753 3285 quo
767 3221 835 3283 qnasi
847 3219 962 3284 impulsio
972 3215 1032 3277 fiat,
1050 3215 1116 3267 exai-

57 3295 174 3360 ἆοωίικ,
195 3310 299 3350 testatur
315 3310 401 3348 auctor
414 3299 510 3350 Acadd.
521 3301 561 3361 11,
603 3314 678 3352 amnt.
693 3299 815 3361 G.-Qui
822 3297 924 3362 jrinctcs
935 3296 1031 3361 legunt,
1041 3297 1117 3344 inter-

58 3375 93 3440 39,
108 3389 166 3438 rat.
179 3380 243 3429 coll.
258 3382 332 3428 Tusc.
349 3379 370 3438 1,
388 3395 426 3434 so,
446 3395 487 3442 ¹9·
502 3381 562 3427 llaec
603 3391 732 3448 pretantur
750 3389 952 3437 constantem,
973 3393 1028 3426 cunr
1040 3379 1116 3426 Turn.

58 3455 113 3506 haud
127 3459 202 3508 debis
221 3460 263 3508 ills
279 3461 305 3508 in
322 3458 391 3508 libris
403 3458 459 3528 erapl
468 3457 561 3524 ψυχῆς,
604 3463 648 3526 qui
669 3463 704 3508 itu
731 3459 860 3522 exponit:
889 3457 953 3506 aetio
979 3455 1116 3513 sentiendi,

58 3551 111 3597 quos
122 3539 196 3588 binos
207 3540 401 3604 scripsit‚laert.
414 3541 461 3599 IV,
475 3539 517 3587 23.
529 3537 562 3588 G.
605 3556 677 3605 qoam
691 3539 762 3586 etism
774 3553 873 3585 sensnm
886 3536 962 3608 Stoici
974 3535 1075 3594 dicunt,
1086 3549 1117 3582 ex

86 3616 109 3666 6.
126 3617 259 3668 Dmernnt.
272 3617 560 3668 Goereurdatdieeront.
605 3619 709 3684 quadam
732 3617 879 3682 impulsione
893 3619 1000 3665 visorum
1022 3625 1118 3663 constat

58 3693 102 3753 Sic,
113 3697 208 3761 inqut,
222 3708 281 3759 tres,
296 3697 488 3761 prseterUllenb.
502 3697 561 3758 mei,
605 3698 802 3761 etoomponitur,
816 3705 915 3745 anctore
928 3697 1037 3744 Zenom.
1051 3692 1118 3742 Alibi

58 3773 146 3826 Oxorm
156 3777 222 3825 ΕΝ.
230 3787 255 3824 et
264 3776 322 3824 Vin.
336 3787 420 3841 estque
433 3777 481 3825 boc
490 3776 563 3824 unios
606 3777 661 3828 cic.
670 3776 730 3825 dicit
740 3788 747 3823 z
758 3778 889 3837 «iunctum
903 3790 934 3824 ex
947 3773 1031 3822 multis
1043 3770 1118 3836 parti·

59 3856 182 3904 'm.G.
607 3857 684 3906 bula.

89 3948 110 3991 7.
127 3933 249 3998 Quaedam
269 3931 333 3982 utet
351 3950 424 3984 nova.
435 3936 492 3983 Non
505 3950 561 3982 aen·
642 3951 669 4000 9.
681 3938 705 3984 A
719 3936 837 4000 quadarn.
853 3933 958 3997 Quidam
972 3931 1056 3995 scripti
1073 3945 1119 3992 pro

59 4009 165 4061 tirclioet
176 4029 231 4062 cnm
248 4014 343 4062 Ernest.
360 4015 473 4078 qninoee
486 4013 562 4064 malit.
605 4033 622 4064 a
633 4027 730 4081 ponunt
742 4034 765 4078 e,
774 4015 899 4080 inquibus
912 4013 984 4060 etiarn
995 4007 1082 4058 Dread
1094 4019 1119 4058 ct
1166 4023 1170 4030 ·

60 4087 120 4138 llere
129 4091 209 4140 dicere
222 4103 259 4140 est
272 4108 324 4140 rens
342 4094 398 4140 satis
407 4105 489 4142 notarn
497 4109 563 4142 nors
607 4097 660 4148 llos.
672 4095 715 4144 sed
724 4107 856 4162 pervagato
865 4094 910 4142 bec
922 4093 946 4140 in
958 4091 1036 4140 forma
1049 4087 1119 4135 sitio.
