<?xml version="1.0" encoding="UTF-8"?>
<!DOCTYPE html PUBLIC "-//W3C//DTD XHTML 1.0 Transitional//EN"
    "http://www.w3.org/TR/xhtml1/DTD/xhtml1-transitional.dtd">
<html xmlns="http://www.w3.org/1999/xhtml" xml:lang="en" lang="en">
 <head>
  <title>
</title>
<meta http-equiv="Content-Type" content="text/html;charset=utf-8" />
  <meta name='ocr-system' content='tesseract 3.04.00' />
  <meta name='ocr-capabilities' content='ocr_page ocr_carea ocr_par ocr_line ocrx_word'/>
</head>
<body>
  <div class='ocr_page' id='page_1' title='image "./mtciceronisquae01lemagoog_0301.png"; bbox 0 0 2762 4656; ppageno 0'>
   <div class='ocr_carea' id='block_1_1' title="bbox 314 393 1142 480">
    <p class='ocr_par' dir='ltr' id='par_1_1' title="bbox 314 393 1142 480">
     <span class='ocr_line' id='line_1_1' title="bbox 314 393 1142 480; baseline 0.002 -16"><span class='ocrx_word' id='word_1_1' title='bbox 314 393 560 466; x_wconf 82' lang='lat' dir='ltr'>ACADEMIC.</span> <span class='ocrx_word' id='word_1_2' title='bbox 582 398 617 480; x_wconf 88' lang='lat'>1,</span> <span class='ocrx_word' id='word_1_3' title='bbox 642 394 776 463; x_wconf 86' lang='lat' dir='ltr'>LIBER</span> <span class='ocrx_word' id='word_1_4' title='bbox 797 395 849 479; x_wconf 84' lang='grc' dir='ltr'>ΙΙ,</span> <span class='ocrx_word' id='word_1_5' title='bbox 867 419 919 463; x_wconf 88' lang='grc' dir='ltr'>ιο.</span> <span class='ocrx_word' id='word_1_6' title='bbox 1077 397 1142 467; x_wconf 73' lang='lat'>281</span> 
     </span>
    </p>
   </div>
   <div class='ocr_carea' id='block_1_2' title="bbox 72 514 1195 2062">
    <p class='ocr_par' dir='ltr' id='par_1_2' title="bbox 77 514 1147 1138">
     <span class='ocr_line' id='line_1_2' title="bbox 79 514 1145 615; baseline 0.004 -29"><span class='ocrx_word' id='word_1_7' title='bbox 79 519 173 614; x_wconf 84' lang='lat' dir='ltr'>Ergo</span> <span class='ocrx_word' id='word_1_8' title='bbox 192 514 251 602; x_wconf 91' lang='lat' dir='ltr'>bi,</span> <span class='ocrx_word' id='word_1_9' title='bbox 273 517 336 612; x_wconf 91' lang='lat' dir='ltr'>qui</span> <span class='ocrx_word' id='word_1_10' title='bbox 357 529 491 612; x_wconf 84' lang='lat' dir='ltr'>negant</span> <span class='ocrx_word' id='word_1_11' title='bbox 519 517 717 614; x_wconf 83' lang='lat' dir='ltr'>quidquam</span> <span class='ocrx_word' id='word_1_12' title='bbox 743 538 848 611; x_wconf 86' lang='lat' dir='ltr'>posse</span> <span class='ocrx_word' id='word_1_13' title='bbox 870 519 1145 615; x_wconf 82' lang='lat' dir='ltr'><strong>comprehendi,</strong></span> 
     </span>
     <span class='ocr_line' id='line_1_3' title="bbox 81 623 1147 722; baseline 0.008 -28"><span class='ocrx_word' id='word_1_14' title='bbox 81 623 157 696; x_wconf 80' lang='lat' dir='ltr'>haeo</span> <span class='ocrx_word' id='word_1_15' title='bbox 183 628 263 722; x_wconf 81' lang='lat' dir='ltr'>ipsu</span> <span class='ocrx_word' id='word_1_16' title='bbox 293 625 452 722; x_wconf 85' lang='lat' dir='ltr'>eripiunt</span> <span class='ocrx_word' id='word_1_17' title='bbox 482 627 538 698; x_wconf 87' lang='lat' dir='ltr'>vel</span> <span class='ocrx_word' id='word_1_18' title='bbox 571 631 827 713; x_wconf 85' lang='lat' dir='ltr'>instrumenta,</span> <span class='ocrx_word' id='word_1_19' title='bbox 854 628 910 700; x_wconf 86' lang='lat' dir='ltr'>vei</span> <span class='ocrx_word' id='word_1_20' title='bbox 934 646 1147 702; x_wconf 85' lang='lat' dir='ltr'>ornamenta</span> 
     </span>
     <span class='ocr_line' id='line_1_4' title="bbox 79 723 1146 832; baseline 0.009 -30"><span class='ocrx_word' id='word_1_21' title='bbox 79 736 181 822; x_wconf 81' lang='lat' dir='ltr'>vitae3</span> <span class='ocrx_word' id='word_1_22' title='bbox 200 735 257 806; x_wconf 87' lang='lat' dir='ltr'>vel</span> <span class='ocrx_word' id='word_1_23' title='bbox 276 737 397 832; x_wconf 91' lang='lat' dir='ltr'>potius</span> <span class='ocrx_word' id='word_1_24' title='bbox 414 737 519 806; x_wconf 85' lang='lat' dir='ltr'>etiam</span> <span class='ocrx_word' id='word_1_25' title='bbox 533 723 646 808; x_wconf 80' lang='lat' dir='ltr'>totam</span> <span class='ocrx_word' id='word_1_26' title='bbox 664 740 774 812; x_wconf 85' lang='lat' dir='ltr'>vitam</span> <span class='ocrx_word' id='word_1_27' title='bbox 788 737 817 783; x_wconf 78' lang='lat'>¹⁸</span> <span class='ocrx_word' id='word_1_28' title='bbox 838 753 1006 811; x_wconf 87' lang='lat' dir='ltr'>evertunt</span> <span class='ocrx_word' id='word_1_29' title='bbox 1023 737 1146 812; x_wconf 86' lang='lat' dir='ltr'>fundi·</span> 
     </span>
     <span class='ocr_line' id='line_1_5' title="bbox 78 847 1145 944; baseline 0.007 -29"><span class='ocrx_word' id='word_1_30' title='bbox 78 859 159 934; x_wconf 85' lang='lat' dir='ltr'>tus,</span> <span class='ocrx_word' id='word_1_31' title='bbox 185 847 381 944; x_wconf 88' lang='lat' dir='ltr'>ipsumque</span> <span class='ocrx_word' id='word_1_32' title='bbox 402 847 533 918; x_wconf 85' lang='lat' dir='ltr'>animal</span> <span class='ocrx_word' id='word_1_33' title='bbox 558 847 690 920; x_wconf 81' lang='lat' dir='ltr'>orbant</span> <span class='ocrx_word' id='word_1_34' title='bbox 716 852 903 922; x_wconf 78' lang='lat' dir='ltr'>animo¹⁹t</span> <span class='ocrx_word' id='word_1_35' title='bbox 932 863 973 920; x_wconf 91' lang='lat' dir='ltr'>ut</span> <span class='ocrx_word' id='word_1_36' title='bbox 1000 848 1145 922; x_wconf 88' lang='lat' dir='ltr'>difficile</span> 
     </span>
     <span class='ocr_line' id='line_1_6' title="bbox 77 955 1143 1058; baseline 0.004 -32"><span class='ocrx_word' id='word_1_37' title='bbox 77 957 121 1026; x_wconf 81' lang='lat' dir='ltr'>eit</span> <span class='ocrx_word' id='word_1_38' title='bbox 144 955 191 1026; x_wconf 86' lang='lat' dir='ltr'>de</span> <span class='ocrx_word' id='word_1_39' title='bbox 210 959 410 1030; x_wconf 80' lang='lat' dir='ltr'>temeritate</span> <span class='ocrx_word' id='word_1_40' title='bbox 434 983 581 1048; x_wconf 87' lang='lat' dir='ltr'>eorum,</span> <span class='ocrx_word' id='word_1_41' title='bbox 604 959 752 1058; x_wconf 81' lang='lat' dir='ltr'>perinde</span> <span class='ocrx_word' id='word_1_42' title='bbox 774 975 815 1032; x_wconf 93' lang='lat' dir='ltr'>ut</span> <span class='ocrx_word' id='word_1_43' title='bbox 836 984 941 1031; x_wconf 82' lang='lat' dir='ltr'>causa</span> <span class='ocrx_word' id='word_1_44' title='bbox 964 960 1143 1056; x_wconf 88' lang='lat' dir='ltr'>postulat,</span> 
     </span>
     <span class='ocr_line' id='line_1_7' title="bbox 77 1063 208 1138; baseline -0.015 -2"><span class='ocrx_word' id='word_1_45' title='bbox 77 1063 208 1138; x_wconf 85' lang='lat' dir='ltr'><strong>dicere.</strong></span> 
     </span>
    </p>

    <p class='ocr_par' dir='ltr' id='par_1_3' title="bbox 72 1177 1195 2062">
     <span class='ocr_line' id='line_1_8' title="bbox 122 1177 1195 1279; baseline 0.004 -33"><span class='ocrx_word' id='word_1_46' title='bbox 122 1178 203 1246; x_wconf 85' lang='lat' dir='ltr'>Nec</span> <span class='ocrx_word' id='word_1_47' title='bbox 220 1199 308 1247; x_wconf 88' lang='lat' dir='ltr'>vero</span> <span class='ocrx_word' id='word_1_48' title='bbox 326 1177 409 1248; x_wconf 84' lang='lat' dir='ltr'>satis</span> <span class='ocrx_word' id='word_1_49' title='bbox 426 1179 646 1252; x_wconf 86' lang='lat' dir='ltr'>constituere</span> <span class='ocrx_word' id='word_1_50' title='bbox 659 1205 825 1278; x_wconf 88' lang='lat' dir='ltr'>possum,</span> <span class='ocrx_word' id='word_1_51' title='bbox 839 1179 940 1279; x_wconf 91' lang='lat' dir='ltr'>quod</span> <span class='ocrx_word' id='word_1_52' title='bbox 955 1181 1000 1250; x_wconf 90' lang='lat' dir='ltr'>sit</span> <span class='ocrx_word' id='word_1_53' title='bbox 1015 1203 1142 1251; x_wconf 83' lang='lat' dir='ltr'>eorum</span> <span class='ocrx_word' id='word_1_54' title='bbox 1162 1179 1195 1234; x_wconf 79' lang='lat'>3²</span> 
     </span>
     <span class='ocr_line' id='line_1_9' title="bbox 76 1285 1143 1388; baseline 0.005 -32"><span class='ocrx_word' id='word_1_55' title='bbox 76 1285 289 1374; x_wconf 84' lang='lat' dir='ltr'>consilium,</span> <span class='ocrx_word' id='word_1_56' title='bbox 308 1300 370 1357; x_wconf 83' lang='lat' dir='ltr'>aut</span> <span class='ocrx_word' id='word_1_57' title='bbox 386 1286 472 1384; x_wconf 91' lang='lat' dir='ltr'>quid</span> <span class='ocrx_word' id='word_1_58' title='bbox 491 1288 615 1378; x_wconf 79' lang='lat' dir='ltr'>velint.</span> <span class='ocrx_word' id='word_1_59' title='bbox 629 1291 816 1362; x_wconf 87' lang='lat' dir='ltr'>Interdum</span> <span class='ocrx_word' id='word_1_60' title='bbox 833 1292 929 1363; x_wconf 86' lang='lat' dir='ltr'>enim</span> <span class='ocrx_word' id='word_1_61' title='bbox 949 1313 1064 1388; x_wconf 90' lang='lat' dir='ltr'>quum</span> <span class='ocrx_word' id='word_1_62' title='bbox 1081 1289 1143 1361; x_wconf 84' lang='lat' dir='ltr'>ad·</span> 
     </span>
     <span class='ocr_line' id='line_1_10' title="bbox 76 1393 1144 1494; baseline 0.004 -30"><span class='ocrx_word' id='word_1_63' title='bbox 76 1393 249 1466; x_wconf 84' lang='lat' dir='ltr'>bibemus</span> <span class='ocrx_word' id='word_1_64' title='bbox 267 1393 311 1467; x_wconf 84' lang='lat' dir='ltr'>ad</span> <span class='ocrx_word' id='word_1_65' title='bbox 332 1421 394 1467; x_wconf 89' lang='lat' dir='ltr'>eos</span> <span class='ocrx_word' id='word_1_66' title='bbox 418 1401 617 1469; x_wconf 84' lang='lat' dir='ltr'>orationem</span> <span class='ocrx_word' id='word_1_67' title='bbox 645 1398 887 1494; x_wconf 88' lang='lat' dir='ltr'>hujusmodi:</span> <span class='ocrx_word' id='word_1_68' title='bbox 915 1402 952 1469; x_wconf 89' lang='lat' dir='ltr'>Si</span> <span class='ocrx_word' id='word_1_69' title='bbox 979 1423 1038 1484; x_wconf 83' lang='lat' dir='ltr'>ea,</span> <span class='ocrx_word' id='word_1_70' title='bbox 1063 1423 1144 1494; x_wconf 72' lang='lat' dir='ltr'>quin</span> 
     </span>
     <span class='ocr_line' id='line_1_11' title="bbox 75 1502 1143 1602; baseline 0.003 -27"><span class='ocrx_word' id='word_1_71' title='bbox 75 1502 327 1602; x_wconf 86' lang='lat' dir='ltr'>disputentur,</span> <span class='ocrx_word' id='word_1_72' title='bbox 341 1530 425 1576; x_wconf 83' lang='lat' dir='ltr'>vera</span> <span class='ocrx_word' id='word_1_73' title='bbox 439 1531 513 1578; x_wconf 92' lang='lat' dir='ltr'>non</span> <span class='ocrx_word' id='word_1_74' title='bbox 529 1509 601 1578; x_wconf 90' lang='lat' dir='ltr'>sint</span> <span class='ocrx_word' id='word_1_75' title='bbox 614 1518 659 1597; x_wconf 86' lang='lat'>²⁰,</span> <span class='ocrx_word' id='word_1_76' title='bbox 674 1525 751 1580; x_wconf 90' lang='lat' dir='ltr'>turn</span> <span class='ocrx_word' id='word_1_77' title='bbox 766 1511 887 1582; x_wconf 85' lang='lat' dir='ltr'>omnia</span> <span class='ocrx_word' id='word_1_78' title='bbox 899 1507 977 1580; x_wconf 83' lang='lat' dir='ltr'>fore</span> <span class='ocrx_word' id='word_1_79' title='bbox 989 1510 1143 1591; x_wconf 85' lang='lat' dir='ltr'>incerta;</span> 
     </span>
     <span class='ocr_line' id='line_1_12' title="bbox 73 1615 1144 1715; baseline 0.005 -31"><span class='ocrx_word' id='word_1_80' title='bbox 73 1615 325 1714; x_wconf 84' lang='lat' dir='ltr'>respondent:</span> <span class='ocrx_word' id='word_1_81' title='bbox 350 1616 447 1708; x_wconf 90' lang='lat' dir='ltr'>Quid</span> <span class='ocrx_word' id='word_1_82' title='bbox 475 1641 561 1715; x_wconf 85' lang='lat' dir='ltr'>ergo</span> <span class='ocrx_word' id='word_1_83' title='bbox 588 1619 685 1690; x_wconf 88' lang='lat' dir='ltr'>istud</span> <span class='ocrx_word' id='word_1_84' title='bbox 711 1619 757 1691; x_wconf 82' lang='lat' dir='ltr'>ad</span> <span class='ocrx_word' id='word_1_85' title='bbox 787 1622 880 1692; x_wconf 81' lang='lat' dir='ltr'>nos?</span> <span class='ocrx_word' id='word_1_86' title='bbox 906 1643 997 1690; x_wconf 87' lang='lat' dir='ltr'>num</span> <span class='ocrx_word' id='word_1_87' title='bbox 1020 1632 1144 1690; x_wconf 86' lang='lat' dir='ltr'>nostra</span> 
     </span>
     <span class='ocr_line' id='line_1_13' title="bbox 74 1725 1141 1828; baseline 0.003 -34"><span class='ocrx_word' id='word_1_88' title='bbox 74 1725 181 1824; x_wconf 89' lang='lat' dir='ltr'>culpa</span> <span class='ocrx_word' id='word_1_89' title='bbox 202 1728 285 1798; x_wconf 80' lang='lat' dir='ltr'>esti</span> <span class='ocrx_word' id='word_1_90' title='bbox 304 1741 469 1798; x_wconf 80' lang='lat' dir='ltr'>naturam</span> <span class='ocrx_word' id='word_1_91' title='bbox 488 1752 631 1816; x_wconf 82' lang='lat' dir='ltr'>accusa,</span> <span class='ocrx_word' id='word_1_92' title='bbox 650 1755 730 1826; x_wconf 85' lang='lat' dir='ltr'>quae</span> <span class='ocrx_word' id='word_1_93' title='bbox 748 1735 786 1800; x_wconf 93' lang='lat' dir='ltr'>in</span> <span class='ocrx_word' id='word_1_94' title='bbox 807 1727 993 1828; x_wconf 83' lang='lat' dir='ltr'>profundo</span> <span class='ocrx_word' id='word_1_95' title='bbox 1010 1729 1141 1798; x_wconf 85' lang='lat' dir='ltr'>verita-</span> 
     </span>
     <span class='ocr_line' id='line_1_14' title="bbox 72 1837 1141 1936; baseline 0 -30"><span class='ocrx_word' id='word_1_96' title='bbox 72 1849 165 1924; x_wconf 84' lang='lat' dir='ltr'>torn,</span> <span class='ocrx_word' id='word_1_97' title='bbox 192 1851 234 1908; x_wconf 90' lang='lat' dir='ltr'>ut</span> <span class='ocrx_word' id='word_1_98' title='bbox 259 1838 309 1908; x_wconf 85' lang='lat' dir='ltr'>ait</span> <span class='ocrx_word' id='word_1_99' title='bbox 334 1841 587 1928; x_wconf 82' lang='lat' dir='ltr'>Democritus,</span> <span class='ocrx_word' id='word_1_100' title='bbox 612 1841 757 1936; x_wconf 88' lang='lat' dir='ltr'>penitus</span> <span class='ocrx_word' id='word_1_101' title='bbox 782 1838 1052 1910; x_wconf 80' lang='lat' dir='ltr'>abstruserit21.</span> <span class='ocrx_word' id='word_1_102' title='bbox 1073 1837 1141 1908; x_wconf 87' lang='lat' dir='ltr'>Alii</span> 
     </span>
     <span class='ocr_line' id='line_1_15' title="bbox 73 1945 1141 2062; baseline 0.003 -47"><span class='ocrx_word' id='word_1_103' title='bbox 73 1960 194 2018; x_wconf 85' lang='lat' dir='ltr'>autem</span> <span class='ocrx_word' id='word_1_104' title='bbox 215 1946 414 2044; x_wconf 82' lang='lat' dir='ltr'>elegantius</span> <span class='ocrx_word' id='word_1_105' title='bbox 425 1958 479 2062; x_wconf 37' lang='grc' dir='ltr'>’ζ’</span> <span class='ocrx_word' id='word_1_106' title='bbox 498 1952 560 2046; x_wconf 92' lang='lat' dir='ltr'>qui</span> <span class='ocrx_word' id='word_1_107' title='bbox 588 1951 693 2020; x_wconf 88' lang='lat' dir='ltr'>ctiam</span> <span class='ocrx_word' id='word_1_108' title='bbox 718 1962 940 2046; x_wconf 84' lang='lat' dir='ltr'>queruntur,</span> <span class='ocrx_word' id='word_1_109' title='bbox 959 1945 1060 2045; x_wconf 93' lang='lat' dir='ltr'>quod</span> <span class='ocrx_word' id='word_1_110' title='bbox 1078 1971 1141 2018; x_wconf 84' lang='lat' dir='ltr'>eos</span> 
     </span>
    </p>
   </div>
   <div class='ocr_carea' id='block_1_3' title="bbox 68 2139 1141 2840">
    <p class='ocr_par' dir='ltr' id='par_1_4' title="bbox 69 2139 1141 2366">
     <span class='ocr_line' id='line_1_16' title="bbox 69 2139 1141 2210; baseline 0 -21"><span class='ocrx_word' id='word_1_111' title='bbox 69 2139 139 2189; x_wconf 75' lang='lat' dir='ltr'>etim</span> <span class='ocrx_word' id='word_1_112' title='bbox 159 2141 243 2193; x_wconf 67' lang='lat' dir='ltr'>nudus</span> <span class='ocrx_word' id='word_1_113' title='bbox 260 2141 309 2194; x_wconf 78' lang='lat' dir='ltr'>ebt</span> <span class='ocrx_word' id='word_1_114' title='bbox 334 2141 443 2194; x_wconf 75' lang='lat' dir='ltr'>additur.</span> <span class='ocrx_word' id='word_1_115' title='bbox 463 2145 536 2209; x_wconf 73' lang='lat' dir='ltr'>legg.</span> <span class='ocrx_word' id='word_1_116' title='bbox 555 2147 584 2202; x_wconf 86' lang='lat'>1,</span> <span class='ocrx_word' id='word_1_117' title='bbox 627 2142 777 2209; x_wconf 67' lang='lat' dir='ltr'>respuunt),</span> <span class='ocrx_word' id='word_1_118' title='bbox 794 2154 851 2210; x_wconf 65' lang='lat' dir='ltr'>pon</span> <span class='ocrx_word' id='word_1_119' title='bbox 866 2160 931 2191; x_wconf 85' lang='lat' dir='ltr'>vera</span> <span class='ocrx_word' id='word_1_120' title='bbox 947 2143 1095 2192; x_wconf 70' lang='lat' dir='ltr'>sustulerint.</span> <span class='ocrx_word' id='word_1_121' title='bbox 1114 2143 1141 2190; x_wconf 82' lang='lat' dir='ltr'>Si</span> 
     </span>
     <span class='ocr_line' id='line_1_17' title="bbox 71 2217 1141 2289; baseline 0.003 -23"><span class='ocrx_word' id='word_1_122' title='bbox 71 2235 111 2280; x_wconf 82' lang='grc' dir='ltr'>ιι,</span> <span class='ocrx_word' id='word_1_123' title='bbox 124 2217 158 2270; x_wconf 77' lang='grc'>56</span> <span class='ocrx_word' id='word_1_124' title='bbox 170 2235 177 2268; x_wconf 89' lang='lat'>:</span> <span class='ocrx_word' id='word_1_125' title='bbox 189 2241 201 2264; x_wconf 81' lang='grc' dir='ltr'>ι</span> <span class='ocrx_word' id='word_1_126' title='bbox 213 2221 263 2268; x_wconf 75' lang='lat' dir='ltr'>vita</span> <span class='ocrx_word' id='word_1_127' title='bbox 277 2220 374 2270; x_wconf 82' lang='lat' dir='ltr'>modice</span> <span class='ocrx_word' id='word_1_128' title='bbox 388 2233 413 2270; x_wconf 91' lang='lat' dir='ltr'>et</span> <span class='ocrx_word' id='word_1_129' title='bbox 425 2233 482 2289; x_wconf 77' lang='lat' dir='ltr'>epte</span> <span class='ocrx_word' id='word_1_130' title='bbox 493 2225 583 2272; x_wconf 85' lang='lat' dir='ltr'>virtute</span> <span class='ocrx_word' id='word_1_131' title='bbox 626 2224 691 2271; x_wconf 87' lang='lat' dir='ltr'>enim</span> <span class='ocrx_word' id='word_1_132' title='bbox 709 2224 749 2271; x_wconf 85' lang='lat' dir='ltr'>rel</span> <span class='ocrx_word' id='word_1_133' title='bbox 771 2238 857 2288; x_wconf 79' lang='lat' dir='ltr'>perum</span> <span class='ocrx_word' id='word_1_134' title='bbox 880 2223 1030 2286; x_wconf 71' lang='lat' dir='ltr'>attenderit,</span> <span class='ocrx_word' id='word_1_135' title='bbox 1051 2233 1141 2286; x_wconf 72' lang='lat' dir='ltr'>sponte</span> 
     </span>
     <span class='ocr_line' id='line_1_18' title="bbox 69 2299 1139 2366; baseline 0 -19"><span class='ocrx_word' id='word_1_136' title='bbox 69 2299 193 2361; x_wconf 76' lang='lat' dir='ltr'>perfrui».</span> <span class='ocrx_word' id='word_1_137' title='bbox 208 2301 242 2348; x_wconf 86' lang='lat' dir='ltr'>G.</span> <span class='ocrx_word' id='word_1_138' title='bbox 625 2301 733 2366; x_wconf 75' lang='lat' dir='ltr'>patebit,</span> <span class='ocrx_word' id='word_1_139' title='bbox 745 2303 833 2362; x_wconf 80' lang='lat' dir='ltr'>verbe,</span> <span class='ocrx_word' id='word_1_140' title='bbox 854 2318 910 2366; x_wconf 82' lang='lat' dir='ltr'>quoe</span> <span class='ocrx_word' id='word_1_141' title='bbox 927 2302 1087 2365; x_wconf 81' lang='lat' dir='ltr'>disputentur,</span> <span class='ocrx_word' id='word_1_142' title='bbox 1108 2299 1139 2347; x_wconf 80' lang='lat' dir='ltr'>ed</span> 
     </span>
    </p>

    <p class='ocr_par' dir='ltr' id='par_1_5' title="bbox 68 2378 1139 2840">
     <span class='ocr_line' id='line_1_19' title="bbox 104 2378 1138 2444; baseline 0.003 -19"><span class='ocrx_word' id='word_1_143' title='bbox 104 2379 146 2426; x_wconf 79' lang='lat' dir='ltr'>rt.</span> <span class='ocrx_word' id='word_1_144' title='bbox 163 2379 212 2425; x_wconf 80' lang='lat' dir='ltr'>Vei</span> <span class='ocrx_word' id='word_1_145' title='bbox 218 2378 302 2442; x_wconf 83' lang='lat' dir='ltr'>potius</span> <span class='ocrx_word' id='word_1_146' title='bbox 313 2379 388 2428; x_wconf 78' lang='lat' dir='ltr'>etiam</span> <span class='ocrx_word' id='word_1_147' title='bbox 403 2391 480 2427; x_wconf 79' lang='lat' dir='ltr'>totam</span> <span class='ocrx_word' id='word_1_148' title='bbox 492 2381 583 2430; x_wconf 79' lang='lat' dir='ltr'>vitam.</span> <span class='ocrx_word' id='word_1_149' title='bbox 625 2397 667 2426; x_wconf 86' lang='lat' dir='ltr'>ene</span> <span class='ocrx_word' id='word_1_150' title='bbox 680 2381 815 2444; x_wconf 84' lang='lat' dir='ltr'>pertinere,</span> <span class='ocrx_word' id='word_1_151' title='bbox 833 2381 875 2444; x_wconf 90' lang='lat' dir='ltr'>qui</span> <span class='ocrx_word' id='word_1_152' title='bbox 890 2380 920 2428; x_wconf 80' lang='lat' dir='ltr'>eh</span> <span class='ocrx_word' id='word_1_153' title='bbox 939 2381 1066 2438; x_wconf 77' lang='lat' dir='ltr'>Arceeiioe,</span> <span class='ocrx_word' id='word_1_154' title='bbox 1079 2379 1138 2428; x_wconf 87' lang='lat' dir='ltr'>Pbi-</span> 
     </span>
     <span class='ocr_line' id='line_1_20' title="bbox 69 2457 1139 2524; baseline -0.001 -19"><span class='ocrx_word' id='word_1_155' title='bbox 69 2457 188 2506; x_wconf 82' lang='lat' dir='ltr'>Ossendor</span> <span class='ocrx_word' id='word_1_156' title='bbox 200 2459 227 2506; x_wconf 87' lang='lat' dir='ltr'>in</span> <span class='ocrx_word' id='word_1_157' title='bbox 237 2457 338 2524; x_wconf 71' lang='lat' dir='ltr'>potuis,</span> <span class='ocrx_word' id='word_1_158' title='bbox 352 2458 422 2524; x_wconf 87' lang='lat' dir='ltr'>quod</span> <span class='ocrx_word' id='word_1_159' title='bbox 436 2459 525 2508; x_wconf 80' lang='lat' dir='ltr'>rectiue</span> <span class='ocrx_word' id='word_1_160' title='bbox 539 2458 582 2510; x_wconf 80' lang='lat' dir='ltr'>rh·</span> <span class='ocrx_word' id='word_1_161' title='bbox 625 2457 737 2523; x_wconf 80' lang='lat' dir='ltr'>lonirque</span> <span class='ocrx_word' id='word_1_162' title='bbox 756 2457 866 2522; x_wconf 73' lang='lat' dir='ltr'>pertibus</span> <span class='ocrx_word' id='word_1_163' title='bbox 886 2469 993 2516; x_wconf 71' lang='lat' dir='ltr'>iterent,</span> <span class='ocrx_word' id='word_1_164' title='bbox 1010 2459 1036 2506; x_wconf 90' lang='lat' dir='ltr'>b.</span> <span class='ocrx_word' id='word_1_165' title='bbox 1052 2473 1072 2506; x_wconf 80' lang='lat' dir='ltr'>e.</span> <span class='ocrx_word' id='word_1_166' title='bbox 1089 2479 1102 2499; x_wconf 79' lang='grc' dir='ltr'>ι</span> <span class='ocrx_word' id='word_1_167' title='bbox 1112 2457 1139 2504; x_wconf 81' lang='lat' dir='ltr'>Si</span> 
     </span>
     <span class='ocr_line' id='line_1_21' title="bbox 68 2536 1139 2602; baseline 0 -18"><span class='ocrx_word' id='word_1_168' title='bbox 68 2536 232 2602; x_wconf 57' lang='lat' dir='ltr'>inerigqrmm</span> <span class='ocrx_word' id='word_1_169' title='bbox 240 2537 364 2586; x_wconf 77' lang='lat' dir='ltr'>ueletiam</span> <span class='ocrx_word' id='word_1_170' title='bbox 375 2537 580 2596; x_wconf 61' lang='lat' dir='ltr'>eunomiana</span> <span class='ocrx_word' id='word_1_171' title='bbox 625 2553 680 2586; x_wconf 81' lang='lat' dir='ltr'>vere</span> <span class='ocrx_word' id='word_1_172' title='bbox 699 2539 748 2585; x_wconf 83' lang='lat' dir='ltr'>rint</span> <span class='ocrx_word' id='word_1_173' title='bbox 765 2537 832 2597; x_wconf 70' lang='lat' dir='ltr'>bec,</span> <span class='ocrx_word' id='word_1_174' title='bbox 846 2552 934 2601; x_wconf 77' lang='lat' dir='ltr'>poree,</span> <span class='ocrx_word' id='word_1_175' title='bbox 957 2553 1012 2601; x_wconf 82' lang='lat' dir='ltr'>qure</span> <span class='ocrx_word' id='word_1_176' title='bbox 1030 2537 1057 2584; x_wconf 89' lang='lat' dir='ltr'>iu</span> <span class='ocrx_word' id='word_1_177' title='bbox 1075 2537 1139 2584; x_wconf 75' lang='lat' dir='ltr'>reric</span> 
     </span>
     <span class='ocr_line' id='line_1_22' title="bbox 68 2615 1138 2682; baseline 0 -20"><span class='ocrx_word' id='word_1_178' title='bbox 68 2626 148 2674; x_wconf 80' lang='lat' dir='ltr'>notet3</span> <span class='ocrx_word' id='word_1_179' title='bbox 163 2632 245 2680; x_wconf 87' lang='lat' dir='ltr'>neque</span> <span class='ocrx_word' id='word_1_180' title='bbox 258 2615 344 2664; x_wconf 84' lang='lat' dir='ltr'>rimilir</span> <span class='ocrx_word' id='word_1_181' title='bbox 355 2616 425 2682; x_wconf 75' lang='lat' dir='ltr'>loeue</span> <span class='ocrx_word' id='word_1_182' title='bbox 435 2617 496 2670; x_wconf 81' lang='lat' dir='ltr'>mibi</span> <span class='ocrx_word' id='word_1_183' title='bbox 507 2617 581 2666; x_wconf 87' lang='lat' dir='ltr'>inno·</span> <span class='ocrx_word' id='word_1_184' title='bbox 624 2627 787 2675; x_wconf 80' lang='lat' dir='ltr'>numerentur,</span> <span class='ocrx_word' id='word_1_185' title='bbox 800 2617 872 2664; x_wconf 81' lang='lat' dir='ltr'>etiem</span> <span class='ocrx_word' id='word_1_186' title='bbox 885 2617 944 2664; x_wconf 75' lang='lat' dir='ltr'>inire</span> <span class='ocrx_word' id='word_1_187' title='bbox 959 2632 1010 2663; x_wconf 74' lang='lat' dir='ltr'>eene</span> <span class='ocrx_word' id='word_1_188' title='bbox 1020 2637 1041 2662; x_wconf 73' lang='grc' dir='ltr'>ι.</span> <span class='ocrx_word' id='word_1_189' title='bbox 1056 2619 1138 2678; x_wconf 82' lang='lat' dir='ltr'>Atque</span> 
     </span>
     <span class='ocr_line' id='line_1_23' title="bbox 68 2694 1138 2762; baseline -0.001 -20"><span class='ocrx_word' id='word_1_190' title='bbox 68 2697 145 2744; x_wconf 79' lang='lat' dir='ltr'>tereit.</span> <span class='ocrx_word' id='word_1_191' title='bbox 162 2695 247 2742; x_wconf 78' lang='lat' dir='ltr'>Vitam</span> <span class='ocrx_word' id='word_1_192' title='bbox 257 2711 308 2743; x_wconf 89' lang='lat' dir='ltr'>uon</span> <span class='ocrx_word' id='word_1_193' title='bbox 322 2694 580 2744; x_wconf 69' lang='lat' dir='ltr'>hibernaturum</span> <span class='ocrx_word' id='word_1_194' title='bbox 624 2695 658 2744; x_wconf 80' lang='lat' dir='ltr'>ite</span> <span class='ocrx_word' id='word_1_195' title='bbox 678 2712 730 2744; x_wconf 91' lang='grc' dir='ltr'>ιιοιι</span> <span class='ocrx_word' id='word_1_196' title='bbox 751 2697 856 2762; x_wconf 84' lang='lat' dir='ltr'>poterit,</span> <span class='ocrx_word' id='word_1_197' title='bbox 884 2696 944 2758; x_wconf 88' lang='lat' dir='ltr'>quin</span> <span class='ocrx_word' id='word_1_198' title='bbox 966 2694 1039 2754; x_wconf 77' lang='lat' dir='ltr'>boine</span> <span class='ocrx_word' id='word_1_199' title='bbox 1059 2694 1138 2756; x_wconf 79' lang='lat' dir='ltr'>perti·</span> 
     </span>
     <span class='ocr_line' id='line_1_24' title="bbox 68 2771 1137 2840; baseline 0.001 -21"><span class='ocrx_word' id='word_1_200' title='bbox 68 2771 91 2819; x_wconf 91' lang='lat' dir='ltr'>b.</span> <span class='ocrx_word' id='word_1_201' title='bbox 104 2773 121 2820; x_wconf 92' lang='lat'>1.</span> <span class='ocrx_word' id='word_1_202' title='bbox 142 2773 237 2834; x_wconf 78' lang='lat' dir='ltr'>miore</span> <span class='ocrx_word' id='word_1_203' title='bbox 251 2789 307 2821; x_wconf 86' lang='lat' dir='ltr'>eum</span> <span class='ocrx_word' id='word_1_204' title='bbox 325 2775 349 2822; x_wconf 80' lang='lat' dir='ltr'>ri</span> <span class='ocrx_word' id='word_1_205' title='bbox 366 2773 479 2824; x_wconf 78' lang='lat' dir='ltr'>abfuerit.</span> <span class='ocrx_word' id='word_1_206' title='bbox 494 2774 580 2824; x_wconf 70' lang='lat' dir='ltr'>Malim</span> <span class='ocrx_word' id='word_1_207' title='bbox 624 2777 685 2823; x_wconf 74' lang='lat' dir='ltr'>cuin</span> <span class='ocrx_word' id='word_1_208' title='bbox 700 2777 806 2840; x_wconf 78' lang='lat' dir='ltr'>praviter</span> <span class='ocrx_word' id='word_1_209' title='bbox 821 2785 845 2820; x_wconf 92' lang='lat' dir='ltr'>et</span> <span class='ocrx_word' id='word_1_210' title='bbox 858 2783 942 2840; x_wconf 74' lang='lat' dir='ltr'>inepte</span> <span class='ocrx_word' id='word_1_211' title='bbox 954 2781 1055 2837; x_wconf 82' lang='lat' dir='ltr'>epoute,</span> <span class='ocrx_word' id='word_1_212' title='bbox 1068 2782 1093 2819; x_wconf 90' lang='lat' dir='ltr'>et</span> <span class='ocrx_word' id='word_1_213' title='bbox 1106 2788 1137 2820; x_wconf 82' lang='lat' dir='ltr'>ex</span> 
     </span>
    </p>
   </div>
   <div class='ocr_carea' id='block_1_4' title="bbox 62 2855 1137 4188">
    <p class='ocr_par' dir='ltr' id='par_1_6' title="bbox 66 2855 1137 3000">
     <span class='ocr_line' id='line_1_25' title="bbox 67 2855 1137 2926; baseline -0.007 -18"><span class='ocrx_word' id='word_1_214' title='bbox 67 2859 139 2924; x_wconf 70' lang='lat' dir='ltr'>igitur</span> <span class='ocrx_word' id='word_1_215' title='bbox 150 2859 204 2908; x_wconf 67' lang='lat' dir='ltr'>bac</span> <span class='ocrx_word' id='word_1_216' title='bbox 216 2861 250 2908; x_wconf 79' lang='lat' dir='ltr'>ite</span> <span class='ocrx_word' id='word_1_217' title='bbox 262 2860 325 2926; x_wconf 77' lang='lat' dir='ltr'>legi,</span> <span class='ocrx_word' id='word_1_218' title='bbox 340 2883 351 2905; x_wconf 78' lang='grc' dir='ltr'>ι</span> <span class='ocrx_word' id='word_1_219' title='bbox 366 2860 405 2910; x_wconf 86' lang='lat' dir='ltr'>vel</span> <span class='ocrx_word' id='word_1_220' title='bbox 417 2861 489 2908; x_wconf 74' lang='lat' dir='ltr'>etiarn</span> <span class='ocrx_word' id='word_1_221' title='bbox 504 2871 579 2909; x_wconf 80' lang='lat' dir='ltr'>tutem</span> <span class='ocrx_word' id='word_1_222' title='bbox 623 2868 903 2920; x_wconf 75' lang='lat' dir='ltr'>contextueorum‚quoe</span> <span class='ocrx_word' id='word_1_223' title='bbox 911 2855 1022 2920; x_wconf 82' lang='lat' dir='ltr'>proxime</span> <span class='ocrx_word' id='word_1_224' title='bbox 1031 2869 1137 2917; x_wconf 83' lang='lat' dir='ltr'>eequuu·</span> 
     </span>
     <span class='ocr_line' id='line_1_26' title="bbox 66 2935 963 3000; baseline -0.003 -15"><span class='ocrx_word' id='word_1_225' title='bbox 66 2950 176 2987; x_wconf 76' lang='lat' dir='ltr'>ereetum</span> <span class='ocrx_word' id='word_1_226' title='bbox 197 2937 343 2987; x_wconf 78' lang='lat' dir='ltr'>funditur».</span> <span class='ocrx_word' id='word_1_227' title='bbox 358 2941 390 2988; x_wconf 85' lang='lat' dir='ltr'>G.</span> <span class='ocrx_word' id='word_1_228' title='bbox 623 2945 672 2996; x_wconf 84' lang='lat' dir='ltr'>tur,</span> <span class='ocrx_word' id='word_1_229' title='bbox 691 2937 838 3000; x_wconf 74' lang='lat' dir='ltr'>apertissime</span> <span class='ocrx_word' id='word_1_230' title='bbox 856 2935 963 2983; x_wconf 72' lang='lat' dir='ltr'>illuceat.</span> 
     </span>
    </p>

    <p class='ocr_par' dir='ltr' id='par_1_7' title="bbox 63 3011 1137 3778">
     <span class='ocr_line' id='line_1_27' title="bbox 101 3011 1137 3082; baseline -0.007 -18"><span class='ocrx_word' id='word_1_231' title='bbox 101 3031 141 3081; x_wconf 80' lang='lat'>¹9·</span> <span class='ocrx_word' id='word_1_232' title='bbox 152 3019 284 3082; x_wconf 83' lang='lat' dir='ltr'>ipsumque</span> <span class='ocrx_word' id='word_1_233' title='bbox 291 3019 387 3067; x_wconf 81' lang='lat' dir='ltr'>arrimai</span> <span class='ocrx_word' id='word_1_234' title='bbox 391 3017 578 3068; x_wconf 78' lang='lat' dir='ltr'>orbantanimo.</span> <span class='ocrx_word' id='word_1_235' title='bbox 659 3031 702 3064; x_wconf 77' lang='lat' dir='ltr'>ur.</span> <span class='ocrx_word' id='word_1_236' title='bbox 716 3016 837 3062; x_wconf 69' lang='lat' dir='ltr'>Neaeram</span> <span class='ocrx_word' id='word_1_237' title='bbox 849 3031 951 3072; x_wconf 78' lang='lat' dir='ltr'>arcusa,</span> <span class='ocrx_word' id='word_1_238' title='bbox 966 3027 1033 3077; x_wconf 81' lang='lat' dir='ltr'>quoe.</span> <span class='ocrx_word' id='word_1_239' title='bbox 1043 3047 1050 3059; x_wconf 92' lang='lat'><strong>.</strong></span> <span class='ocrx_word' id='word_1_240' title='bbox 1062 3046 1068 3058; x_wconf 91' lang='lat'><strong><em>.</em></strong></span> <span class='ocrx_word' id='word_1_241' title='bbox 1079 3011 1137 3058; x_wconf 80' lang='lat' dir='ltr'>abs·</span> 
     </span>
     <span class='ocr_line' id='line_1_28' title="bbox 66 3089 1137 3162; baseline -0.007 -18"><span class='ocrx_word' id='word_1_242' title='bbox 66 3096 159 3161; x_wconf 77' lang='lat' dir='ltr'>Nempe</span> <span class='ocrx_word' id='word_1_243' title='bbox 186 3096 312 3161; x_wconf 68' lang='lat' dir='ltr'>cogitandi</span> <span class='ocrx_word' id='word_1_244' title='bbox 339 3098 515 3162; x_wconf 70' lang='lat' dir='ltr'>judicandique</span> <span class='ocrx_word' id='word_1_245' title='bbox 538 3099 577 3156; x_wconf 85' lang='lat' dir='ltr'>vi,</span> <span class='ocrx_word' id='word_1_246' title='bbox 622 3093 725 3142; x_wconf 77' lang='lat' dir='ltr'>miserit.</span> <span class='ocrx_word' id='word_1_247' title='bbox 744 3093 805 3154; x_wconf 76' lang='lat' dir='ltr'>Qua</span> <span class='ocrx_word' id='word_1_248' title='bbox 821 3103 857 3139; x_wconf 80' lang='lat' dir='ltr'>eet</span> <span class='ocrx_word' id='word_1_249' title='bbox 870 3109 945 3156; x_wconf 84' lang='lat' dir='ltr'>quum</span> <span class='ocrx_word' id='word_1_250' title='bbox 959 3107 989 3138; x_wconf 85' lang='lat' dir='ltr'>ea</span> <span class='ocrx_word' id='word_1_251' title='bbox 1004 3107 1030 3138; x_wconf 83' lang='lat' dir='ltr'>v.</span> <span class='ocrx_word' id='word_1_252' title='bbox 1046 3089 1137 3154; x_wconf 84' lang='lat' dir='ltr'>quippe</span> 
     </span>
     <span class='ocr_line' id='line_1_29' title="bbox 66 3169 1136 3245; baseline -0.007 -21"><span class='ocrx_word' id='word_1_253' title='bbox 66 3189 110 3237; x_wconf 79' lang='lat' dir='ltr'>qne</span> <span class='ocrx_word' id='word_1_254' title='bbox 123 3174 177 3223; x_wconf 81' lang='lat' dir='ltr'>roie</span> <span class='ocrx_word' id='word_1_255' title='bbox 187 3175 230 3245; x_wconf 83' lang='lat' dir='ltr'>bic¹</span> <span class='ocrx_word' id='word_1_256' title='bbox 238 3176 299 3224; x_wconf 80' lang='lat' dir='ltr'>vivit</span> <span class='ocrx_word' id='word_1_257' title='bbox 308 3177 431 3241; x_wconf 78' lang='lat' dir='ltr'>rigetque.</span> <span class='ocrx_word' id='word_1_258' title='bbox 445 3179 474 3224; x_wconf 88' lang='lat' dir='ltr'>In</span> <span class='ocrx_word' id='word_1_259' title='bbox 488 3175 576 3240; x_wconf 81' lang='lat' dir='ltr'>ipsum·</span> <span class='ocrx_word' id='word_1_260' title='bbox 621 3189 677 3236; x_wconf 76' lang='lat' dir='ltr'>qua</span> <span class='ocrx_word' id='word_1_261' title='bbox 686 3208 694 3234; x_wconf 91' lang='lat'>‚</span> <span class='ocrx_word' id='word_1_262' title='bbox 712 3182 741 3219; x_wconf 89' lang='lat' dir='ltr'>ut</span> <span class='ocrx_word' id='word_1_263' title='bbox 753 3171 893 3236; x_wconf 72' lang='lat' dir='ltr'>sepissime.</span> <span class='ocrx_word' id='word_1_264' title='bbox 912 3169 982 3218; x_wconf 84' lang='lat' dir='ltr'>Nihil</span> <span class='ocrx_word' id='word_1_265' title='bbox 998 3185 1057 3234; x_wconf 77' lang='lat' dir='ltr'>ergo</span> <span class='ocrx_word' id='word_1_266' title='bbox 1074 3169 1136 3217; x_wconf 83' lang='lat' dir='ltr'>dicit</span> 
     </span>
     <span class='ocr_line' id='line_1_30' title="bbox 66 3249 1134 3322; baseline -0.004 -21"><span class='ocrx_word' id='word_1_267' title='bbox 66 3271 109 3317; x_wconf 81' lang='lat' dir='ltr'>que</span> <span class='ocrx_word' id='word_1_268' title='bbox 119 3255 228 3319; x_wconf 84' lang='lat' dir='ltr'>denique</span> <span class='ocrx_word' id='word_1_269' title='bbox 240 3268 304 3320; x_wconf 81' lang='lat' dir='ltr'>pert.</span> <span class='ocrx_word' id='word_1_270' title='bbox 316 3272 364 3321; x_wconf 85' lang='lat' dir='ltr'>qne</span> <span class='ocrx_word' id='word_1_271' title='bbox 374 3254 505 3304; x_wconf 68' lang='lat' dir='ltr'>efflantem</span> <span class='ocrx_word' id='word_1_272' title='bbox 517 3255 575 3303; x_wconf 81' lang='lat' dir='ltr'>inei·</span> <span class='ocrx_word' id='word_1_273' title='bbox 620 3253 677 3300; x_wconf 86' lang='lat' dir='ltr'>Ern.</span> <span class='ocrx_word' id='word_1_274' title='bbox 686 3267 765 3322; x_wconf 79' lang='lat' dir='ltr'>¹qutun</span> <span class='ocrx_word' id='word_1_275' title='bbox 774 3251 821 3313; x_wconf 74' lang='lat' dir='ltr'>legi</span> <span class='ocrx_word' id='word_1_276' title='bbox 832 3249 950 3297; x_wconf 68' lang='lat' dir='ltr'>absumit</span> <span class='ocrx_word' id='word_1_277' title='bbox 958 3249 1038 3310; x_wconf 72' lang='lat' dir='ltr'>iubet.</span> <span class='ocrx_word' id='word_1_278' title='bbox 1053 3249 1084 3297; x_wconf 88' lang='lat' dir='ltr'>G.</span> <span class='ocrx_word' id='word_1_279' title='bbox 1098 3275 1134 3285; x_wconf 89' lang='lat'>-</span> 
     </span>
     <span class='ocr_line' id='line_1_31' title="bbox 65 3319 1131 3400; baseline -0.007 -15"><span class='ocrx_word' id='word_1_280' title='bbox 65 3333 574 3400; x_wconf 63' lang='lat' dir='ltr'>gnemutiereremperinteligredetione,</span> <span class='ocrx_word' id='word_1_281' title='bbox 619 3319 1131 3396; x_wconf 66' lang='lat' dir='ltr'>Rerpicitedillud:ivdudipriretdbriineu</span> 
     </span>
     <span class='ocr_line' id='line_1_32' title="bbox 65 3409 1133 3478; baseline -0.005 -15"><span class='ocrx_word' id='word_1_282' title='bbox 65 3411 113 3475; x_wconf 74' lang='lat' dir='ltr'>iper</span> <span class='ocrx_word' id='word_1_283' title='bbox 139 3415 245 3476; x_wconf 73' lang='lat' dir='ltr'>nentia,</span> <span class='ocrx_word' id='word_1_284' title='bbox 272 3415 293 3462; x_wconf 82' lang='lat' dir='ltr'>ri</span> <span class='ocrx_word' id='word_1_285' title='bbox 321 3413 467 3462; x_wconf 81' lang='lat' dir='ltr'>intellexerir</span> <span class='ocrx_word' id='word_1_286' title='bbox 488 3413 575 3478; x_wconf 83' lang='lat' dir='ltr'>verbe,</span> <span class='ocrx_word' id='word_1_287' title='bbox 620 3409 1133 3476; x_wconf 55' lang='lat' dir='ltr'>vtuntog.12en.t.1x,s.„aarum</span> 
     </span>
     <span class='ocr_line' id='line_1_33' title="bbox 64 3487 1135 3556; baseline -0.002 -16"><span class='ocrx_word' id='word_1_288' title='bbox 64 3511 75 3528; x_wconf 88' lang='lat'><em>·</em></span> <span class='ocrx_word' id='word_1_289' title='bbox 83 3492 172 3540; x_wconf 72' lang='lat' dir='ltr'>animal</span> <span class='ocrx_word' id='word_1_290' title='bbox 181 3493 270 3542; x_wconf 74' lang='lat' dir='ltr'>orbant</span> <span class='ocrx_word' id='word_1_291' title='bbox 280 3494 362 3541; x_wconf 78' lang='lat' dir='ltr'>animo</span> <span class='ocrx_word' id='word_1_292' title='bbox 371 3515 394 3553; x_wconf 69' lang='lat' dir='ltr'>n,</span> <span class='ocrx_word' id='word_1_293' title='bbox 405 3503 490 3540; x_wconf 73' lang='lat' dir='ltr'>notare</span> <span class='ocrx_word' id='word_1_294' title='bbox 504 3494 575 3541; x_wconf 78' lang='lat' dir='ltr'>uni·</span> <span class='ocrx_word' id='word_1_295' title='bbox 619 3491 683 3556; x_wconf 80' lang='lat' dir='ltr'>Epir.</span> <span class='ocrx_word' id='word_1_296' title='bbox 695 3507 718 3539; x_wconf 86' lang='lat' dir='ltr'>c.</span> <span class='ocrx_word' id='word_1_297' title='bbox 729 3501 774 3552; x_wconf 64' lang='grc' dir='ltr'>ιο,</span> <span class='ocrx_word' id='word_1_298' title='bbox 783 3499 807 3538; x_wconf 91' lang='lat' dir='ltr'>et</span> <span class='ocrx_word' id='word_1_299' title='bbox 817 3491 909 3537; x_wconf 77' lang='lat' dir='ltr'>luetitt.</span> <span class='ocrx_word' id='word_1_300' title='bbox 920 3487 970 3536; x_wconf 86' lang='lat' dir='ltr'>dir.</span> <span class='ocrx_word' id='word_1_301' title='bbox 982 3491 1037 3551; x_wconf 87' lang='lat'>111,</span> <span class='ocrx_word' id='word_1_302' title='bbox 1047 3507 1070 3538; x_wconf 89' lang='lat' dir='ltr'>c.</span> <span class='ocrx_word' id='word_1_303' title='bbox 1082 3491 1115 3538; x_wconf 70' lang='grc' dir='ltr'>ιδ</span> <span class='ocrx_word' id='word_1_304' title='bbox 1126 3526 1135 3550; x_wconf 88' lang='grc'><em>,</em></span> 
     </span>
     <span class='ocr_line' id='line_1_34' title="bbox 64 3568 1134 3633; baseline -0.002 -17"><span class='ocrx_word' id='word_1_305' title='bbox 64 3569 291 3620; x_wconf 76' lang='grc' dir='ltr'>ιιιεΙίιιΙιοιιιίιιοίιιι</span> <span class='ocrx_word' id='word_1_306' title='bbox 298 3573 575 3631; x_wconf 84' lang='lat' dir='ltr'>tollunt,utnenomeu</span> <span class='ocrx_word' id='word_1_307' title='bbox 621 3571 669 3630; x_wconf 72' lang='lat' dir='ltr'>ri,</span> <span class='ocrx_word' id='word_1_308' title='bbox 689 3586 711 3618; x_wconf 89' lang='lat' dir='ltr'>c.</span> <span class='ocrx_word' id='word_1_309' title='bbox 727 3573 760 3619; x_wconf 78' lang='lat'>³0</span> <span class='ocrx_word' id='word_1_310' title='bbox 772 3605 780 3632; x_wconf 88' lang='lat'>,</span> <span class='ocrx_word' id='word_1_311' title='bbox 794 3569 819 3616; x_wconf 80' lang='lat'>6.</span> <span class='ocrx_word' id='word_1_312' title='bbox 839 3569 872 3618; x_wconf 86' lang='lat' dir='ltr'>H.</span> <span class='ocrx_word' id='word_1_313' title='bbox 891 3595 927 3606; x_wconf 91' lang='lat'>-</span> <span class='ocrx_word' id='word_1_314' title='bbox 946 3568 1011 3617; x_wconf 83' lang='lat' dir='ltr'>Vide</span> <span class='ocrx_word' id='word_1_315' title='bbox 1028 3585 1083 3633; x_wconf 79' lang='lat' dir='ltr'>quie</span> <span class='ocrx_word' id='word_1_316' title='bbox 1102 3569 1134 3615; x_wconf 80' lang='lat' dir='ltr'>ed</span> 
     </span>
     <span class='ocr_line' id='line_1_35' title="bbox 64 3647 1133 3714; baseline 0 -19"><span class='ocrx_word' id='word_1_317' title='bbox 64 3649 158 3710; x_wconf 80' lang='lat' dir='ltr'>quidem</span> <span class='ocrx_word' id='word_1_318' title='bbox 181 3661 288 3701; x_wconf 71' lang='lat' dir='ltr'>restet».</span> <span class='ocrx_word' id='word_1_319' title='bbox 311 3651 384 3699; x_wconf 85' lang='lat' dir='ltr'>Ludit</span> <span class='ocrx_word' id='word_1_320' title='bbox 403 3651 468 3698; x_wconf 84' lang='lat' dir='ltr'>eninr</span> <span class='ocrx_word' id='word_1_321' title='bbox 489 3661 574 3699; x_wconf 80' lang='lat' dir='ltr'>ructor</span> <span class='ocrx_word' id='word_1_322' title='bbox 617 3649 775 3708; x_wconf 77' lang='lat' dir='ltr'>Academi,</span> <span class='ocrx_word' id='word_1_323' title='bbox 792 3663 839 3707; x_wconf 73' lang='grc' dir='ltr'>ιι,</span> <span class='ocrx_word' id='word_1_324' title='bbox 858 3650 905 3709; x_wconf 71' lang='grc'>44,</span> <span class='ocrx_word' id='word_1_325' title='bbox 925 3647 1016 3698; x_wconf 89' lang='lat' dir='ltr'>deboc</span> <span class='ocrx_word' id='word_1_326' title='bbox 1030 3665 1045 3696; x_wconf 83' lang='grc' dir='ltr'>ιι</span> <span class='ocrx_word' id='word_1_327' title='bbox 1062 3647 1133 3714; x_wconf 69' lang='lat' dir='ltr'>nobie</span> 
     </span>
     <span class='ocr_line' id='line_1_36' title="bbox 63 3726 779 3778; baseline 0.007 -8"><span class='ocrx_word' id='word_1_328' title='bbox 63 3726 144 3776; x_wconf 76' lang='lat' dir='ltr'>verbo.</span> <span class='ocrx_word' id='word_1_329' title='bbox 159 3731 190 3778; x_wconf 74' lang='lat' dir='ltr'>G,</span> <span class='ocrx_word' id='word_1_330' title='bbox 620 3737 703 3775; x_wconf 76' lang='lat' dir='ltr'>notate</span> <span class='ocrx_word' id='word_1_331' title='bbox 714 3738 779 3775; x_wconf 84' lang='lat' dir='ltr'>eunt.</span> 
     </span>
    </p>

    <p class='ocr_par' dir='ltr' id='par_1_8' title="bbox 62 3803 1133 4188">
     <span class='ocr_line' id='line_1_37' title="bbox 97 3803 1133 3872; baseline -0.002 -20"><span class='ocrx_word' id='word_1_332' title='bbox 97 3820 139 3855; x_wconf 72' lang='grc' dir='ltr'>ιο.</span> <span class='ocrx_word' id='word_1_333' title='bbox 155 3807 184 3854; x_wconf 84' lang='lat' dir='ltr'>Si</span> <span class='ocrx_word' id='word_1_334' title='bbox 195 3824 240 3864; x_wconf 84' lang='lat' dir='ltr'>ea,</span> <span class='ocrx_word' id='word_1_335' title='bbox 255 3823 313 3872; x_wconf 85' lang='lat' dir='ltr'>quoe</span> <span class='ocrx_word' id='word_1_336' title='bbox 328 3805 491 3871; x_wconf 78' lang='lat' dir='ltr'>disputentur,</span> <span class='ocrx_word' id='word_1_337' title='bbox 507 3823 572 3855; x_wconf 81' lang='lat' dir='ltr'>uera</span> <span class='ocrx_word' id='word_1_338' title='bbox 653 3819 697 3854; x_wconf 77' lang='grc' dir='ltr'>ιι.</span> <span class='ocrx_word' id='word_1_339' title='bbox 716 3806 771 3854; x_wconf 81' lang='lat' dir='ltr'>Aiii</span> <span class='ocrx_word' id='word_1_340' title='bbox 785 3818 868 3854; x_wconf 83' lang='lat' dir='ltr'>autem</span> <span class='ocrx_word' id='word_1_341' title='bbox 881 3807 1024 3872; x_wconf 75' lang='lat' dir='ltr'>elegantius.</span> <span class='ocrx_word' id='word_1_342' title='bbox 1037 3803 1133 3852; x_wconf 81' lang='lat' dir='ltr'>Wetuei</span> 
     </span>
     <span class='ocr_line' id='line_1_38' title="bbox 63 3882 1133 3950; baseline -0.002 -20"><span class='ocrx_word' id='word_1_343' title='bbox 63 3897 109 3930; x_wconf 74' lang='lat' dir='ltr'>roe</span> <span class='ocrx_word' id='word_1_344' title='bbox 127 3885 184 3933; x_wconf 77' lang='lat' dir='ltr'>rr&#39;nt.</span> <span class='ocrx_word' id='word_1_345' title='bbox 205 3887 310 3934; x_wconf 79' lang='lat' dir='ltr'>Goerenz</span> <span class='ocrx_word' id='word_1_346' title='bbox 328 3885 393 3934; x_wconf 85' lang='lat' dir='ltr'>delet</span> <span class='ocrx_word' id='word_1_347' title='bbox 406 3901 466 3933; x_wconf 84' lang='grc' dir='ltr'>ιιοιι.</span> <span class='ocrx_word' id='word_1_348' title='bbox 485 3887 571 3946; x_wconf 83' lang='lat' dir='ltr'>Miror,</span> <span class='ocrx_word' id='word_1_349' title='bbox 616 3885 752 3950; x_wconf 72' lang='lat' dir='ltr'>elegantius</span> <span class='ocrx_word' id='word_1_350' title='bbox 767 3886 873 3950; x_wconf 77' lang='lat' dir='ltr'>explieat</span> <span class='ocrx_word' id='word_1_351' title='bbox 885 3885 996 3934; x_wconf 78' lang='lat' dir='ltr'>subtilius</span> <span class='ocrx_word' id='word_1_352' title='bbox 1007 3902 1016 3932; x_wconf 94' lang='lat'><em>:</em></span> <span class='ocrx_word' id='word_1_353' title='bbox 1028 3882 1069 3930; x_wconf 87' lang='lat' dir='ltr'>eed</span> <span class='ocrx_word' id='word_1_354' title='bbox 1083 3882 1133 3929; x_wconf 87' lang='lat' dir='ltr'>du·</span> 
     </span>
     <span class='ocr_line' id='line_1_39' title="bbox 63 3959 1130 4028; baseline -0.018 -4"><span class='ocrx_word' id='word_1_355' title='bbox 63 3959 154 4024; x_wconf 54' lang='lat' dir='ltr'>binii,</span> <span class='ocrx_word' id='word_1_356' title='bbox 172 3963 240 4028; x_wconf 82' lang='lat' dir='ltr'>quod</span> <span class='ocrx_word' id='word_1_357' title='bbox 262 3980 314 4014; x_wconf 84' lang='lat' dir='ltr'>nou</span> <span class='ocrx_word' id='word_1_358' title='bbox 333 3963 425 4012; x_wconf 85' lang='lat' dir='ltr'>dudum</span> <span class='ocrx_word' id='word_1_359' title='bbox 442 3965 497 4012; x_wconf 65' lang='grc' dir='ltr'>Π.</span> <span class='ocrx_word' id='word_1_360' title='bbox 515 3965 570 4014; x_wconf 85' lang='lat' dir='ltr'>DD.</span> <span class='ocrx_word' id='word_1_361' title='bbox 614 3964 687 4025; x_wconf 85' lang='lat' dir='ltr'>bito,</span> <span class='ocrx_word' id='word_1_362' title='bbox 705 3979 736 4012; x_wconf 78' lang='grc' dir='ltr'>ιιι</span> <span class='ocrx_word' id='word_1_363' title='bbox 751 3965 818 4013; x_wconf 81' lang='lat' dir='ltr'>voeie</span> <span class='ocrx_word' id='word_1_364' title='bbox 831 3965 881 4012; x_wconf 80' lang='lat' dir='ltr'>rim</span> <span class='ocrx_word' id='word_1_365' title='bbox 898 3965 969 4028; x_wconf 88' lang='lat' dir='ltr'>piene</span> <span class='ocrx_word' id='word_1_366' title='bbox 985 3961 1130 4028; x_wconf 70' lang='lat' dir='ltr'>perceperit.</span> 
     </span>
     <span class='ocr_line' id='line_1_40' title="bbox 63 4041 1131 4106; baseline -0.007 -15"><span class='ocrx_word' id='word_1_367' title='bbox 63 4051 122 4102; x_wconf 77' lang='lat' dir='ltr'>pert.</span> <span class='ocrx_word' id='word_1_368' title='bbox 150 4059 218 4106; x_wconf 76' lang='lat' dir='ltr'>non,</span> <span class='ocrx_word' id='word_1_369' title='bbox 243 4054 281 4091; x_wconf 92' lang='lat' dir='ltr'>tot</span> <span class='ocrx_word' id='word_1_370' title='bbox 306 4043 382 4094; x_wconf 87' lang='lat' dir='ltr'>codd.</span> <span class='ocrx_word' id='word_1_371' title='bbox 410 4042 570 4106; x_wconf 73' lang='lat' dir='ltr'>impmbium</span> <span class='ocrx_word' id='word_1_372' title='bbox 615 4047 703 4092; x_wconf 79' lang='lat' dir='ltr'>Senem</span> <span class='ocrx_word' id='word_1_373' title='bbox 723 4055 775 4104; x_wconf 80' lang='lat' dir='ltr'>eet,</span> <span class='ocrx_word' id='word_1_374' title='bbox 794 4041 853 4090; x_wconf 73' lang='lat' dir='ltr'>«ilii</span> <span class='ocrx_word' id='word_1_375' title='bbox 874 4044 982 4100; x_wconf 88' lang='lat' dir='ltr'>directe,</span> <span class='ocrx_word' id='word_1_376' title='bbox 1004 4051 1027 4087; x_wconf 88' lang='lat' dir='ltr'>et</span> <span class='ocrx_word' id='word_1_377' title='bbox 1047 4047 1131 4101; x_wconf 74' lang='lat' dir='ltr'>aperte</span> 
     </span>
     <span class='ocr_line' id='line_1_41' title="bbox 62 4116 1128 4188; baseline -0.004 -20"><span class='ocrx_word' id='word_1_378' title='bbox 62 4119 157 4182; x_wconf 72' lang='lat' dir='ltr'>(nonii</span> <span class='ocrx_word' id='word_1_379' title='bbox 169 4123 258 4182; x_wconf 80' lang='lat' dir='ltr'>etiem,</span> <span class='ocrx_word' id='word_1_380' title='bbox 272 4137 328 4172; x_wconf 82' lang='lat' dir='ltr'>cum</span> <span class='ocrx_word' id='word_1_381' title='bbox 337 4123 394 4172; x_wconf 83' lang='lat' dir='ltr'>Vin.</span> <span class='ocrx_word' id='word_1_382' title='bbox 408 4133 433 4171; x_wconf 90' lang='lat' dir='ltr'>et</span> <span class='ocrx_word' id='word_1_383' title='bbox 446 4116 470 4186; x_wconf 81' lang='grc' dir='ltr'>ψ.</span> <span class='ocrx_word' id='word_1_384' title='bbox 485 4138 570 4171; x_wconf 72' lang='lat' dir='ltr'>omnes</span> <span class='ocrx_word' id='word_1_385' title='bbox 614 4123 770 4188; x_wconf 70' lang='lat' dir='ltr'>respondent.</span> <span class='ocrx_word' id='word_1_386' title='bbox 793 4122 843 4171; x_wconf 80' lang='lat' dir='ltr'>Alii</span> <span class='ocrx_word' id='word_1_387' title='bbox 860 4133 946 4170; x_wconf 74' lang='lat' dir='ltr'>contra</span> <span class='ocrx_word' id='word_1_388' title='bbox 965 4119 1088 4182; x_wconf 75' lang='lat' dir='ltr'>ergutiue,</span> <span class='ocrx_word' id='word_1_389' title='bbox 1102 4127 1128 4164; x_wconf 86' lang='lat' dir='ltr'>et</span> 
     </span>
    </p>
   </div>
   <div class='ocr_carea' id='block_1_5' title="bbox 0 0 1386 4656">
    <p class='ocr_par' dir='ltr' id='par_1_9' title="bbox 0 0 1386 4656">
     <span class='ocr_line' id='line_1_42' title="bbox 0 0 1386 4656; baseline 0 5"><span class='ocrx_word' id='word_1_390' title='bbox 0 0 1386 4656; x_wconf 95' lang='lat' dir='ltr'> </span> 
     </span>
    </p>
   </div>
  </div>
 </body>
</html>
