2764 4688
245 381 312 458 ¹9⁰
600 357 882 432 EXCURSUS
908 361 958 431 ll.

241 485 398 548 rationem
415 496 573 569 sequutus
586 497 635 548 ert
648 483 817 567 hactenus,
824 500 863 548 ut
876 481 964 568 ideae
981 481 1090 547 animo
1106 483 1213 547 inesse
1221 505 1323 570 quae·

241 589 315 655 dam
333 587 472 669 diceret,
485 589 686 676 antiquiores
704 591 795 655 omni
813 611 926 670 sensu,
951 609 1090 676 quarum
1110 589 1227 652 veritae
1245 612 1320 666 non

241 697 440 762 extrinsecus
455 693 630 782 penderet,
649 695 706 762 sed
717 719 775 762 tua
792 697 894 786 ipsius
910 695 941 758 vi
956 695 1124 758 niteretur.
1138 693 1243 776 Quod
1258 719 1322 760 au·
1355 683 1359 691 ¹

241 820 307 868 tem
325 801 417 866 Plato
434 799 514 865 ideis
530 801 597 865 istis
616 803 810 892 exemplaria
828 799 976 890 quaedam
992 798 1320 881 subjecerat,'natu·

241 929 309 972 ram
322 907 476 972 habentia
484 905 661 986 sejunctam
673 931 691 972 a
702 929 878 999 corporum
891 952 901 987 ‚
917 905 1167 992 animorumque
1183 922 1320 986 natura,

240 1009 275 1072 in
294 1031 332 1072 eo
348 1007 528 1072 Leibnitiue
546 1006 716 1089 dissensit,
733 1007 854 1095 quippe
872 1006 1020 1072 tribuens
1038 1007 1106 1070 illae
1124 1006 1257 1083 animo,
1283 1029 1321 1072 se

241 1131 455 1202 naturamque
470 1135 560 1177 suam
577 1114 821 1203 contemplanti.
847 1113 924 1178 Non
948 1113 1057 1189 enirn,
1078 1111 1165 1176 ideas
1184 1113 1321 1179 innatas

239 1239 343 1305 quum
350 1215 438 1298 dicit,
446 1214 595 1303 intelligit
607 1215 716 1281 animo
728 1217 833 1282 inesse
847 1239 883 1281 re
898 1217 969 1304 ipsa
981 1215 1190 1304 cogitationes
1209 1232 1243 1280 et
1259 1237 1322 1282 no-

241 1324 343 1404 titias,
366 1343 498 1386 sensum
512 1343 644 1386 omnem
660 1339 877 1412 antegressas,
898 1321 956 1386 ced
973 1341 1086 1388 earum
1100 1336 1228 1388 tantum
1243 1343 1320 1388 ma·

240 1429 354 1510 teriem
372 1427 483 1516 quasi,
510 1443 543 1491 et
559 1425 753 1508 subjeetum.
778 1431 893 1510 Quum
908 1428 996 1494 enim
1016 1443 1065 1492 tot
1085 1427 1264 1511 notiones,
1284 1445 1321 1492 et

237 1545 367 1617 epulum
388 1533 521 1598 veniant
532 1533 636 1598 menti
647 1557 666 1598 a
679 1535 777 1600 relius
789 1535 971 1624 corporeie3
984 1534 1106 1599 mirum
1117 1533 1187 1598 lore
1203 1535 1274 1617 ait,
1289 1541 1319 1598 si

239 1642 357 1708 mentis
366 1640 467 1730 ipeiue
477 1657 592 1706 natura
601 1640 645 1706 ita
657 1657 741 1706 esset
751 1641 866 1707 sterilia
879 1656 912 1706 et
924 1639 1110 1706 infecunda
1122 1637 1164 1704 ad
1177 1641 1320 1730 gignen-

239 1747 296 1812 dae
308 1745 463 1837 qimrdam
477 1745 622 1828 notitias,
635 1762 672 1812 ut
685 1769 799 1812 omnen
814 1762 922 1812 essent
934 1746 1147 1828 extrinsecus,
1165 1761 1198 1808 et
1211 1769 1232 1809 a
1243 1768 1321 1810 cor·

237 1855 372 1944 poribus
393 1851 551 1943 petenda.
578 1851 864 1936 Quemadmodum
888 1853 987 1942 igitur
1008 1853 1101 1918 notio
1117 1851 1243 1941 figuret,
1261 1853 1319 1917 vel

239 1977 349 2025 motus
361 1959 479 2024 habent
492 1958 687 2046 subjectum,
701 1976 735 2024 et
747 1959 910 2048 exemplar
923 1956 1057 2046 aliquod
1075 1975 1163 2024 extra
1181 1979 1242 2024 not
1256 1981 1317 2048 po-

239 2066 357 2147 situm,
374 2080 564 2151 perceptum
583 2085 738 2129 sensuum
754 2061 797 2128 ad
810 2079 981 2129 externum
1004 2062 1085 2128 illud
1105 2063 1316 2149 intentione3

238 2172 283 2236 ita
299 2169 467 2234 notionem
485 2169 630 2247 unitatis,
639 2167 833 2254 durationis,
846 2169 1040 2235 exsistentiae
1060 2167 1180 2234 habere
1198 2169 1317 2250 subje-

240 2293 350 2356 ctum,
370 2290 402 2338 et
418 2273 580 2362 exemplar
596 2275 681 2339 intra
698 2275 806 2362 ipsum
822 2276 988 2357 animum,
1007 2273 1097 2363 quod
1113 2275 1317 2363 percipiatur

238 2395 429 2468 tum,quum
447 2378 574 2442 animus
587 2381 620 2443 vi
636 2402 791 2444 sensuum
805 2397 926 2464 motus,
941 2380 1074 2468 coeperit
1093 2379 1136 2447 ad
1151 2380 1316 2469 seipsum

239 2484 415 2552 attendere.
434 2484 542 2567 Quam
557 2485 710 2550 Leibniei
728 2489 921 2554 sententiam
942 2509 1030 2569 esse»,
1056 2511 1097 2552 ex
1113 2485 1203 2572 nullo
1225 2486 1316 2552 libro

238 2592 354 2660 clarius
369 2591 557 2681 perspicias,
572 2613 671 2678 quam
689 2593 747 2681 qui
760 2594 801 2658 ab
816 2616 856 2658 co
869 2610 983 2659 contra
999 2592 1111 2676 Lockii
1129 2616 1212 2682 opus
1228 2594 1315 2660 tori-

239 2717 337 2789 ptus,
363 2719 470 2786 nuper
492 2698 645 2786 aRaspio
666 2697 773 2766 editus
790 2716 849 2763 est.
869 2700 989 2788 Aperte
1012 2699 1046 2764 in
1069 2699 1314 2790 prolegomenis

237 2805 325 2871 ideae
339 2805 382 2869 ait
394 2827 412 2868 a
428 2826 462 2868 se
475 2803 600 2868 innatas
613 2804 796 2893 appellatas,
813 2827 928 2893 parum
944 2803 1074 2870 differre
1088 2805 1315 2870 auctionibus

237 2913 291 2994 iis,
307 2933 386 2999 quaa
397 2907 536 2974 Loclrius
551 2907 734 2975 reflexionie
749 2933 819 2974 esse
834 2909 931 2976 dicat.
952 2911 1002 2974 lta
1019 2931 1137 3000 nempe
1152 2911 1313 2999 appellat,

236 3039 316 3106 quae
331 3015 459 3080 animus
471 3011 574 3077 aciem
588 3035 679 3077 suam
691 3014 725 3078 in
745 3036 780 3078 se
791 3014 900 3101 ipsum
911 3029 1057 3096 vertent,
1076 3036 1135 3102 per
1149 3011 1312 3082 reflexum

237 3123 330 3212 quasi
356 3119 484 3186 radium
509 3135 698 3185 eemat....
732 3120 877 3185 Accessit
902 3119 944 3184 ad
978 3137 1208 3208 argumentum
1244 3121 1313 3187 hoc
1342 3131 1346 3142 ‘

237 3225 441 3292 tractandum
473 3248 578 3314 nuper
612 3226 751 3314 scriptor
774 3225 921 3315 Anglus,
957 3224 1100 3292 Thomas
1130 3226 1213 3294 Reid
1241 3227 1311 3316 (t),

237 3334 287 3400 vir
310 3334 419 3398 multae
441 3333 475 3396 in
499 3332 596 3397 rebus
620 3333 821 3398 naturalibus
846 3331 1020 3415 doctrinae,
1045 3334 1207 3422 multique
1228 3357 1311 3400 acu·

241 3438 354 3519 minia3
372 3437 428 3524 qui
440 3452 528 3502 totus
538 3437 573 3501 in
587 3459 627 3501 eo
640 3453 707 3518 est,
726 3454 765 3502 ut
780 3437 1032 3528 philosophandi
1047 3439 1109 3504 hac
1126 3441 1160 3504 in
1177 3463 1212 3504 re
1225 3441 1310 3506 sub·

240 3543 405 3624 tilitatem‚
428 3541 469 3606 ad
487 3564 600 3616 senem
615 3545 800 3608 communie
824 3545 1062 3634 simplicitatem
1088 3561 1234 3628 revocet,
1260 3569 1311 3612 re·

237 3669 378 3736 rumque
396 3669 626 3736 corporearum
645 3650 812 3716 veritatem
828 3675 867 3716 ex
889 3667 1012 3716 naturae
1033 3667 1149 3733 motu,
1166 3669 1310 3740 cogente

237 3778 298 3820 nos
332 3769 372 3817 ut
400 3750 498 3816 fidem
531 3753 679 3821 sensibus
705 3756 901 3840 habeamus,
934 3755 1145 3822 demonstret.
1172 3758 1211 3822 In
1237 3759 1309 3840 ejus

273 3887 314 3954 (ι)
331 3888 371 3936 An
392 3884 491 3950 inqat'ry
502 3885 553 3933 mlo
570 3885 611 3934 tlte
620 3885 711 3936 haman
722 3889 802 3949 mind,
817 3905 850 3938 oa
862 3889 903 3940 tlte
908 3889 1045 3956 principles
1056 3887 1206 3951 ufeomoa
1218 3905 1307 3948 seem,

238 3995 255 4026 a
273 3993 327 4026 new
340 3975 400 4026 eda,
413 3973 505 4022 aaut.
517 3973 597 4036 ιθὼς
612 3991 643 4024 ex
655 3977 729 4042 Anql.
743 3979 770 4026 in
782 3979 887 4028 Teutoni.
902 3980 962 4044 ling.
975 3979 1084 4030 runaut.
1100 3977 1208 4044 Lepsia,
1225 3981 1309 4042 1782,

239 4071 254 4114 8
266 4067 321 4127 maj.
331 4081 352 4112 s.
366 4073 385 4112 t.
405 4059 620 4126 Umerstrelreangea
632 4062 690 4110 tter
699 4063 748 4114 den
758 4066 875 4116 mansell.
888 4065 971 4129 celse,
989 4066 1055 4118 κακὴ
1067 4067 1114 4116 den
1132 4067 1306 4120 Grandrdtzeae

205 4159 206 4164 ’
239 4154 281 4201 des
292 4149 419 4218 geratinea
431 4147 713 4200 Meusclerrrerstartdes.
