2784 4666
512 371 703 466 TIMAEUS.
1067 365 1135 465 567

69 505 261 592 postremo
277 504 524 590 comparetur,
537 493 767 586 vicissimque
780 503 823 561 ut
839 503 1040 562 extremum
1054 515 1137 564 cum

70 601 217 690 medio,
239 601 291 673 sic
308 599 468 672 medium
486 625 569 672 cum
590 603 710 700 primo
728 597 936 672 conseratur
955 627 964 690 ².
982 600 1020 671 id
1037 603 1138 699 quod

71 711 237 785 medium
259 725 336 799 est,
357 725 435 782 tum
460 712 616 808 primum
634 709 690 796 fit,
711 725 788 782 turn
807 724 1052 810 postremum
1076 737 1141 810 po·

71 836 210 894 strema
222 833 373 910 vero,et
382 823 499 917 prima
511 819 630 893 media
643 821 814 908 fiunt3ita
827 824 1020 892 necessitas
1032 822 1140 916 cogit,

74 947 117 1002 ut
132 931 262 1004 eadem
280 931 353 1000 sint
372 955 436 1018 ea,
451 955 531 1028 quae
547 923 707 1025 dijuncta
720 929 917 1018 fuerunt23·
932 929 1057 1002 endem
1078 953 1140 1000 au·

72 1056 151 1114 tem
173 1061 290 1139 quum
311 1037 404 1112 facta
421 1041 509 1130 sint,
527 1038 703 1129 efficitur,
724 1053 768 1112 ut
784 1044 907 1113 omnia
923 1043 994 1113 sint
1014 1063 1141 1112 untur.

72 1149 189 1244 Quod
202 1152 231 1222 si
244 1151 486 1222 universitatis
505 1174 640 1248 corpus
663 1151 811 1250 pianum
830 1165 867 1222 et
891 1147 1065 1248 aequabile
1084 1169 1144 1220 ex·

73 1261 292 1360 plicantur,
308 1283 429 1357 neque
448 1261 488 1332 in
505 1285 551 1332 eo
571 1259 771 1359 quidqnam
784 1275 883 1358 ⁸essct
899 1260 1113 1358 requisitum
1134 1286 1142 1328 ε

73 1393 198 1444 uuum
220 1371 451 1467 interjectum
468 1369 629 1466 medium
641 1425 653 1461 ,
666 1385 703 1444 et
721 1397 760 1444 se
780 1373 923 1468 ipsum,
939 1383 975 1442 et
988 1395 1051 1458 ea,
1068 1369 1146 1465 qui·

72 1479 148 1554 bus
166 1493 260 1554 esset
277 1482 529 1579 interpositum
544 1535 554 1570 ‚
567 1481 762 1578 colligaret.
776 1479 845 1552 Sed
858 1503 974 1577 quum
988 1475 1146 1550 soliditas

75 1589 221 1662 mundo
244 1605 481 1688 quoereremr;
503 1589 616 1662 solida
634 1606 754 1662 autem
777 1591 899 1661 omnia
924 1613 1000 1660 nno
1026 1587 1146 1658 medio

74 1725 303 1798 numquam,
319 1699 466 1772 duobus
483 1721 626 1798 semper
643 1700 885 1798 copulentur:
904 1701 954 1772 ita
974 1697 1145 1794 contigit,

75 1825 118 1882 ut
144 1811 244 1881 inter
257 1809 378 1905 iguem
400 1823 436 1880 et
460 1823 613 1897 terram,
631 1834 763 1906 aquam
784 1814 897 1888 Deus.
917 1809 1146 1904 animamque

74 1931 255 2016 poneret,
274 1940 389 2016 eaque
414 1919 509 1989 inter
527 1939 567 1990 sc
586 1934 828 2017 compararet,
855 1931 892 1991 et
909 1918 1146 2018 proportione

75 2028 339 2125 conjungeret,
354 2041 396 2098 ut
412 2027 721 2125 quemadmodum
734 2031 826 2128 ignis
840 2029 985 2115 animae,
1003 2031 1054 2100 sic
1071 2029 1146 2098 ani·

74 2163 139 2210 ma
161 2159 282 2233 aquae;
296 2135 470 2235 quodque
489 2139 609 2210 anima
626 2163 747 2236 aquae,
771 2139 807 2210 id
826 2164 919 2236 aqua
937 2153 1040 2211 terrae
1062 2160 1147 2237 pro-

77 2248 255 2345 portione
288 2244 465 2318 redderet.
495 2251 576 2339 Qua
599 2273 644 2320 era
671 2249 926 2345 conjunctione
951 2248 1077 2322 caelum
1098 2251 1148 2320 ita

78 2369 211 2454 aptum
234 2369 311 2442 est,
330 2370 371 2427 ut
384 2354 452 2427 snb
468 2355 677 2455 adspectum
692 2373 728 2430 et
743 2373 877 2432 tactum
889 2359 1002 2436 cadat.
1022 2362 1154 2456 Itaque

80 2481 118 2538 et
135 2461 187 2536 ob
201 2487 279 2536 eam
297 2487 459 2553 causam,
476 2482 512 2538 et
529 2465 575 2538 ab
591 2469 635 2540 iis
656 2467 784 2558 rebus,
802 2491 958 2542 numero
974 2481 1146 2567 quatuor,

81 2572 213 2646 mundi
232 2587 288 2646 ert
302 2597 435 2672 corpus
452 2575 645 2665 eflectum,
662 2603 703 2651 ea
725 2593 970 2652 constructum
993 2600 1148 2677 propur-

82 2685 203 2764 tione‚
227 2706 299 2778 qua
327 2681 430 2752 dixi:
456 2709 501 2754 ex
520 2697 604 2782 ‘quo
632 2690 708 2782 ipse
732 2711 770 2758 se
794 2687 966 2760 concordi
995 2687 1147 2784 quadam

84 2791 243 2864 amicitia
259 2804 296 2863 et
320 2791 465 2864 caritate
490 2794 764 2890 complectitura
783 2811 892 2892 atque
913 2799 961 2867 ita
985 2811 1067 2892 apte
1085 2797 1163 2866 trobx

84 2899 213 2988 haeret,
231 2915 273 2973 ut
290 2899 436 2972 dissolvi
454 2901 556 2972 nulio
572 2903 683 2974 modo
698 2919 824 3000 queat,
846 2906 915 2976 nisi
935 2899 983 2974 ab
1002 2903 1150 2990 eodem,

86 3035 107 3082 a
133 3029 210 3110 quo
237 3024 292 3082 est
316 3007 513 3108 colligatus.
531 3013 662 3084 Earum
689 3027 810 3085 autern
828 3028 985 3111 quatuor
1007 3038 1150 3103 rerum,

87 3145 180 3219 quas
197 3145 307 3220 supra
317 3121 411 3208 dixi,
424 3123 528 3193 sicin
540 3124 640 3194 omui
656 3122 796 3195 mundo
806 3145 934 3195 omnes
949 3137 1068 3220 partes
1081 3125 1153 3195 col-

89 3230 215 3304 iocatae
236 3241 340 3321 sunt,
353 3244 394 3303 nt
415 3231 513 3303 nulla
533 3253 615 3332 pars
631 3232 782 3330 hujusce
801 3232 942 3332 generis
964 3229 1154 3306 excederet

89 3357 208 3431 extra,
225 3357 334 3440 atque
353 3344 391 3413 in
411 3342 483 3414 hoc
497 3347 667 3417 universo
683 3347 842 3416 inessent
859 3367 992 3443 genera
1002 3345 1061 3416 iila
1079 3349 1155 3416 uni·

90 3445 203 3524 amaa.
224 3450 267 3522 Id
285 3451 333 3523 ob
346 3475 405 3522 eas
419 3471 562 3540 causas,
579 3453 738 3550 primunr
758 3467 800 3525 ut
818 3453 977 3536 mundus
992 3457 1155 3528 anirnaus

88 3563 206 3663 ‘possit
220 3587 265 3638 ex
282 3561 453 3665 perfectis
472 3561 635 3665 partibus
650 3595 726 3642 esse
748 3565 948 3668 perfectus;
965 3565 1098 3644 deinde
1115 3587 1156 3644 ut

92 3699 191 3749 unus
204 3691 319 3765 esset,
338 3675 439 3750 nulia
458 3691 561 3776 parte
571 3731 582 3766 ‚
599 3679 697 3750 unde
719 3680 810 3750 aiter
827 3680 1052 3777 gigneretur,
1073 3681 1155 3752 reii-

93 3801 150 3860 cta
163 3808 174 3878 3
189 3795 375 3887 postremo
393 3809 440 3860 ne
454 3789 535 3886 quis
548 3787 698 3860 morbus
717 3813 799 3860 eum
818 3789 929 3886 possit
939 3787 966 3878 ³,
985 3803 1046 3860 aut
1060 3813 1158 3859 sens-

24 4087 26 4091 ·
131 4031 155 4062 ι.
175 4011 291 4080 Dr'junm
303 4013 417 4076 summ.
442 4016 549 4066 hubin.
568 4013 606 4063 at·-
686 4015 1163 4080 ³.rrurumurmndssanim1spos-

92 4091 181 4155 rinna
186 4091 300 4157 simunt.
652 4092 693 4142 a'r.
703 4128 709 4141 .
721 4125 728 4141 .
740 4105 861 4158 postremo
880 4109 911 4142 ne
926 4094 980 4157 quis
995 4092 1091 4142 nrortru
1107 4111 1160 4144 eum
