2764 4688
227 373 293 466 ιρι,
567 365 841 434 excursus
865 363 939 432 111.

266 491 349 574 Qun
374 489 463 552 Zeno
488 486 575 551 inter
597 493 680 550 mlv
704 502 736 552 et
760 496 865 567 steyn
887 483 992 574 posite
1013 481 1163 567 dicebat,
1187 505 1225 548 ee
1245 485 1297 550 vel

222 602 356 676 stesso«,
370 591 421 658 vel
441 603 508 674 ptos
527 591 730 684 appellabat:
750 592 840 658 unde
857 590 996 655 medium
1012 589 1167 677 efficium,
1188 591 1298 674 OM,

224 702 261 786 3,
276 705 316 783 4,
335 697 364 765 5.
383 697 511 764 Diversi
530 715 639 764 autem
661 700 788 789 generis
812 714 891 763 sunt
908 710 975 778 μέσα
996 696 1049 761 illa
1069 695 1110 761 ab
1128 697 1197 781 his,
1220 719 1299 786 quse

223 819 274 879 τοῖς
288 814 356 870 κατὰ
375 815 462 885 φύσιν,
478 820 511 870 et
522 814 593 885 παρὰ
609 815 696 884 φύσιν,
710 804 876 884 interjecta
890 803 1012 868 statuit.
1030 803 1144 886 Quum
1157 803 1249 867 enim
1261 825 1302 866 ea

223 937 284 979 nec
301 921 405 988 ληπτὰ,
420 934 481 976 nec
504 920 625 984 ἅληπτα,
643 911 871 999 pronuntiaret
888 908 1038 998 (proprie
1063 923 1172 974 autem
1194 909 1301 974 Stoici

221 1028 356 1103 λαμεάνιιν
372 1042 433 1109 pro
455 1017 571 1106 eligere
592 1017 797 1106 usurpant),
819 1017 930 1106 posuit
947 1016 981 1080 in
996 1016 1064 1100 his,
1080 1024 1115 1078 τὰ
1130 1025 1194 1096 μήτε
1208 1027 1305 1096 ὁρμῆς,

224 1135 286 1206 μήτε
305 1136 413 1206 ἀφορμῆς
432 1131 557 1197 κινητικὰ,
574 1123 668 1212 qtlale
682 1139 731 1189 est
743 1123 932 1203 extendere,
949 1121 1002 1186 vel
1011 1120 1197 1186 corumdem
1211 1119 1304 1209 digi-

223 1245 305 1312 tum,
325 1245 387 1294 etc.
406 1229 502 1317 Diog.
519 1229 624 1292 Laert.
639 1227 719 1312 VII,
747 1233 827 1312 1043
846 1228 917 1292 coll.
936 1228 1022 1293 Sext.
1039 1227 1133 1316 Emp.
1147 1227 1214 1308 XI,
1232 1226 1303 1308 623

224 1357 365 1424 quorum
375 1334 522 1422 ipsorum
533 1355 629 1398 cause
639 1329 726 1422 apud
734 1331 844 1398 eumd.
852 1331 947 1422 Diog.
959 1332 979 1395 l.
992 1333 1014 1396 l.
1024 1330 1144 1422 duplex
1156 1335 1303 1412 ἀδιαφόρων

224 1461 327 1529 genus
343 1438 487 1528 ponitur.
506 1436 606 1520 Quod
619 1454 729 1502 autem
746 1437 861 1504 Cicero
874 1437 1041 1518 sumendo,
1059 1437 1199 1526 quodum
1212 1442 1306 1502 oesti·

224 1550 361 1610 motione
382 1543 548 1631 dignando
556 1591 568 1624 ,
585 1541 683 1626 dicit,
706 1566 744 1608 ex
765 1567 805 1608 eo
822 1559 891 1626 est,
910 1543 1001 1632 quod
1017 1541 1153 1632 duplicis
1172 1544 1306 1632 generis

224 1663 282 1726 ἀξία
302 1650 364 1738 (ab
385 1651 478 1738 ipso,
501 1649 537 1714 ni
561 1649 664 1734 fallor,
690 1649 861 1738 Zenone),
887 1649 1120 1739 distinguitur:
1141 1649 1242 1714 sltem
1262 1649 1308 1714 ad

224 1769 308 1822 lton
334 1756 442 1845 ipsum
471 1755 656 1846 pertinens,
680 1779 778 1845 quam
806 1755 1235 1850 ἰαεη.“1.1.σὺμ6λησινπρὸς
1261 1771 1307 1819 τὸν

226 1873 414 1944 ὁμολογούμενον
429 1871 499 1936 βίον,
517 1871 572 1933 ἥτις
588 1871 626 1932 tet
640 1872 695 1942 πιρὶ
713 1875 763 1926 πᾶν
777 1872 867 1942 ἀγαθὸν
883 1859 979 1949 (inde
990 1861 1060 1926 Fin.
1074 1861 1140 1943 lll,
1160 1881 1218 1937 ιο,
1236 1859 1283 1938 34
1297 1885 1306 1925 :

227 1999 240 2024 α
249 1991 416 2034 summum
426 1968 552 2033 bonum
565 1967 697 2058 plurimi
711 1968 957 2033 aestimandum»
972 1967 1102 2050 dicitur,
1119 1967 1164 2032 sic
1175 1983 1308 2050 tamen,

228 2089 289 2138 «ut
300 2096 336 2138 es
349 2074 518 2138 estimatio
531 2096 649 2164 genere
659 2074 782 2157 valeat,
798 2097 867 2139 non
884 2072 1167 2163 magnitudine»);
1186 2072 1309 2158 altera,

229 2179 271 2242 ad
287 2185 406 2260 οὐδέτερα
424 2195 587 2268 spectans,
605 2201 704 2268 quam
720 2177 808 2244 idem
825 2181 921 2272 Diog.
934 2177 1013 2246 ibid.
1032 2189 1109 2260 plone
1121 2187 1178 2243 τινὰ
1188 2184 1312 2260 δὺναμιν,

229 2298 245 2354 ἢ
261 2296 343 2368 χρείαν
364 2297 566 2368 συμβαλλομένην
585 2299 646 2366 πρὸς
662 2297 703 2349 τὸν
718 2295 786 2350 κατὰ
802 2301 871 2368 φύσιν
887 2299 956 2365 βίον,
974 2285 1096 2352 definit.
1113 2284 1194 2351 lntle
1214 2287 1312 2353 facile

232 2395 439 2484 intelligitur,
462 2394 653 2459 Ciceronem
682 2397 833 2461 consulto
854 2397 999 2487 quadam
1026 2412 1058 2460 et
1081 2397 1246 2484 posuisse,
1278 2410 1314 2460 et

233 2501 465 2589 praeposuisse,
488 2517 527 2565 ut
546 2500 632 2565 hanc
654 2499 896 2568 distinctionem
917 2503 1008 2593 quasi
1026 2501 1224 2592 indigitnret.
1249 2501 1313 2566 His

234 2607 422 2696 praemissis,
441 2605 530 2671 haud
553 2605 682 2671 difficile
705 2607 767 2672 erit
784 2610 898 2692 verbs,
919 2607 1007 2673 «sed
1031 2631 1104 2696 quse
1125 2623 1235 2672 essent
1255 2629 1315 2670 su·

237 2710 374 2794 menda,
392 2736 431 2778 ex
449 2713 487 2777 iis
504 2713 563 2777 alia
580 2713 682 2802 pluris
698 2715 903 2798 aestimande,
919 2715 980 2780 alia
997 2715 1176 2798 minoris»,
1193 2729 1314 2778 contra

238 2819 430 2884 sententiam
446 2820 662 2909 interpretum
674 2839 751 2911 post
766 2823 950 2904 Davisium,
965 2821 1244 2912 philosophiaeque
1256 2845 1316 2887 ve·

239 2927 315 2991 teris
334 2941 559 2992 coenaturum
583 2929 753 3012 omnium,
767 2929 867 3020 'plene
884 2927 1068 2994 defendere.
1089 2926 1316 2994 offenderunt

240 3032 413 3096 enimcum
424 3029 568 3114 Davisio,
581 3031 672 3120 quod
683 3033 855 3110 sumenda,
873 3033 990 3125 rejecta
1000 3033 1203 3098 dicerentur:
1219 3031 1316 3121 quod

240 3137 293 3216 ille
316 3160 450 3226 prorsus
470 3159 652 3227 repugnare
679 3140 889 3230 pronuntiet,
914 3156 947 3206 et
968 3140 1033 3229 legi
1054 3161 1115 3228 pro
1137 3138 1314 3220 sternenda,

243 3239 348 3306 media
362 3239 472 3319 jubet:
486 3237 519 3304 id
534 3239 624 3328 quod
639 3240 673 3306 in
693 3257 779 3307 texte
793 3243 915 3331 recepit
928 3241 1119 3324 Gedickius,
1133 3241 1215 3308 Hist
1227 3241 1314 3306 Phil

245 3365 284 3406 ex
299 3344 365 3410 Cic.
380 3368 413 3435 p.
431 3367 492 3432 ²77
510 3369 576 3434 seq.
593 3347 770 3444 multisque
786 3349 977 3414 confirmare
995 3349 1119 3412 nititur.

289 3449 353 3514 Sed
377 3451 483 3539 primo
506 3454 533 3518 si
554 3454 764 3520 correctionis
789 3455 931 3545 pretitun
957 3457 1114 3534 estimes,
1138 3453 1221 3519 nihil
1241 3477 1315 3520 eam

248 3575 335 3636 esse,
354 3556 479 3639 statim,
497 3558 525 3622 si
542 3557 583 3628 ad
600 3575 752 3626 contexta
767 3562 935 3645 retuleris,
952 3561 1080 3628 senties.
1095 3559 1205 3625 Media
1226 3561 1315 3626 enim

249 3661 276 3724 si
297 3658 464 3748 probaris,
490 3663 578 3728 nulla
600 3665 660 3730 alia
678 3683 766 3732 recte
789 3667 955 3756 probaris,
981 3689 1079 3756 quern
1097 3688 1169 3755 qun
1185 3689 1244 3730 nec
1259 3689 1316 3732 su·

251 3767 368 3832 menda
384 3771 470 3848 sint,
488 3793 545 3834 nec
559 3795 622 3836 non
637 3774 813 3842 sumenda.-
828 3775 879 3840 his
892 3791 1001 3840 autem
1016 3773 1116 3838 Stoici
1131 3774 1317 3839 estimatio·

250 3897 326 3940 nem
348 3874 469 3940 nullam
494 3878 724 3946 concedebant.
748 3883 792 3946 At
818 3883 934 3972 rejecta
956 3903 1023 3946 non
1042 3895 1140 3962 sunt,
1158 3887 1232 3969 qun
1255 3885 1317 3946 mi-

252 3985 339 4046 noris
359 3984 564 4062 estimantur,
588 3983 646 4048 sed
667 3986 702 4048 in
726 4009 798 4074 que
814 3989 902 4054 nulla
921 3986 1058 4052 omnino
1073 3986 1244 4052 estimatio
1263 4009 1316 4052 oa-

251 4083 327 4149 dere
341 4085 455 4174 possit.
471 4085 570 4194 Recte
584 4087 736 4175 quidem,
753 4090 779 4154 si
794 4113 907 4156 vocem
928 4093 1063 4158 crassius
1086 4092 1255 4182 acceperis.
1276 4095 1318 4158 At
