2764 4688
312 421 563 492 solemio.
589 395 622 507 ι’,
648 423 783 494 cmm
807 429 861 514 11,
886 425 920 498 6.
1078 429 1145 532 257
1252 429 1255 439 ·

82 542 222 616 mada¹²
247 541 481 642 eloquentiae,
502 545 542 614 in
562 543 763 618 Melanthio
786 547 929 620 Rhodio
954 555 1147 626 suavitatis

82 659 172 725 Beue
197 667 322 725 autem
353 678 461 726 nosse
490 653 715 726 Carneadem
746 661 991 732 Stratoniceus
1013 666 1150 736 Metro-

83 761 238 836 dorus¹³
272 763 483 863 putabatur.
519 769 598 836 Jam
627 766 862 840 'Clitomacho
894 771 999 841 Philo
1032 788 1152 846 vester

83 901 231 974 operam
251 876 387 947 multos
410 899 526 946 annos
545 874 657 948 dedit.
679 879 832 951 Philone
849 895 970 952 autem
988 883 1070 953 vivo
1090 909 1152 982 pa·

82 989 279 1058 trocinium
296 985 495 1056 Academiae
516 1011 590 1056 non
612 985 737 1059 defuit.

103 1099 106 1118 '
126 1097 217 1186 Sed,
240 1097 342 1196 quod
360 1122 428 1168 nos
450 1093 567 1168 facere
586 1123 687 1170 rrunc
706 1097 1045 1197 ingredimur1⁴,ut
1062 1129 1150 1174 con-

83 1221 133 1277 tra
151 1206 378 1280 academicos
396 1205 633 1298 disseramus,
652 1207 691 1279 id
707 1209 855 1306 quidam
872 1237 892 1282 e
909 1211 1153 1310 philosophis,

84 1317 164 1388 etii
192 1315 343 1415 quidem
372 1341 451 1387 non
480 1316 699 1405 mediocres,
722 1316 977 1390 faciendum¹⁵
1003 1325 1154 1394 omnino

83 1453 155 1500 non
171 1426 375 1528 putabant,
389 1451 458 1498 nec
477 1451 605 1498 verum
624 1453 702 1500 essc
714 1424 744 1473 ¹⁶
757 1429 869 1500 ullam
885 1433 1063 1503 rationem
1082 1434 1154 1506 dis·

1173 1163 1205 1218 ²7

83 1637 134 1690 apte
144 1624 243 1686 inruit,
253 1635 282 1672 ut
291 1623 377 1682 simul,
387 1639 437 1688 quo
446 1621 522 1670 modo
531 1625 596 1672 iuter
639 1635 756 1688 corrupte
759 1623 862 1690 saciant
870 1625 927 1674 dnm
939 1628 1063 1678 exhibent.
1075 1631 1156 1692 Quam

83 1721 106 1754 ae
118 1705 252 1766 differant,
265 1705 451 1768 intelligeretur.
639 1701 697 1752 lect.
710 1705 802 1768 recepit
815 1706 831 1752 J
834 1707 880 1752 .V.
893 1707 1003 1764 Leclerc,·
1017 1723 1062 1755 uos
1076 1719 1156 1756 tumen

116 1801 156 1834 ra.
178 1783 332 1833 Charmada.
353 1785 423 1832 Hauc
442 1797 525 1830 veram
545 1797 597 1829 ease
640 1783 1156 1846 uouadmisimus,quuminomnibusaliia

81 1865 225 1928 scripturam
237 1863 346 1912 dubitari
356 1863 452 1926 nequit.
462 1864 525 1912 Nam
534 1877 597 1925 με·
640 1861 702 1910 loeis
713 1860 989 1924 scribaturfacr'endns,
1005 1882 1037 1923 a,
1054 1883 1103 1914 um.

82 1953 117 1991 ter
135 1942 245 2008 quinque
262 1943 343 1993 codd.
366 1943 432 2008 apud
448 1942 531 1990 Daris.
547 1953 597 1988 tres
680 1941 720 1988 16.
739 1942 792 1988 Nec
805 1957 892 1990 verrem
907 1957 974 2004 esse,
991 1945 1067 1992 rdiam
1079 1945 1157 1994 ratio·

81 2021 142 2071 idem
161 2023 212 2070 mei
229 2021 358 2087 prabeut3
373 2021 439 2070 Gud.
460 2020 596 2068 Carmada.
641 2036 697 2067 nem
721 2019 852 2084 disputare.
871 2021 976 2068 Goereua
997 2021 1059 2072 det:
1076 2046 1089 2067 ι
1104 2025 1156 2074 Nec

82 2103 130 2166 Qui
152 2103 278 2166 denique,
297 2117 372 2166 quum
394 2101 435 2149 hic
459 2101 549 2163 bomo,
569 2109 597 2146 ut
642 2100 826 2149 euimeseeull.
840 2117 860 2148 r.
873 2099 1155 2176 damnumque,

81 2182 183 2246 ubique,
196 2183 233 2232 ita
246 2183 272 2232 h.
286 2182 304 2231 l.
318 2199 375 2230 cum
388 2181 518 2230 Carneade
530 2195 597 2228 com·
642 2179 796 2230 vehementer
804 2179 964 2239 laborant,ut
973 2198 1076 2244 uerum,
1086 2187 1157 2245 cuius

81 2263 227 2322 misceatur,
248 2260 379 2309 Charmide
397 2261 505 2319 malunt,
523 2271 597 2324 prout
641 2259 698 2308 loco
716 2259 780 2308 enim
797 2261 940 2324 posuimus,
958 2262 983 2308 in
1001 2262 1113 2324 ordinem
1132 2276 1157 2313 et

80 2341 118 2390 ille
130 2341 186 2390 aliis
197 2341 323 2400 scribitur,
344 2341 364 2388 ii
376 2341 439 2390 nihil
450 2351 540 2404 praeter
552 2337 597 2386 ali·
641 2355 729 2404 gyrum
741 2349 831 2403 cogant
841 2355 848 2388 :
860 2337 913 2398 sed,
927 2339 1048 2404 quidquid
1058 2342 1157 2390 molian-

80 2437 149 2486 quaru
175 2421 230 2469 veri
260 2422 368 2485 speciem
391 2421 508 2468 afferunt.
533 2418 597 2466 Nam
641 2429 690 2481 tur,
699 2417 893 2468 alienumaloco
903 2435 927 2466 er
936 2431 985 2477 eet,
995 2430 1019 2467 et
1029 2421 1157 2483 erit3eeri·

80 2499 138 2566 quid
150 2501 255 2559 mirum,
266 2502 287 2548 si
297 2499 382 2548 scribae
391 2515 481 2547 nomen
489 2496 597 2561 ignotius
640 2499 680 2548 bae
693 2501 757 2548 euim
766 2500 814 2548 hoc
824 2497 981 2558 addiderunt,
996 2509 1024 2547 ut
1034 2501 1156 2560 assolent,

79 2579 104 2628 iu
129 2597 197 2645 saepe
221 2580 252 2628 ab
279 2580 339 2644 ipsis
364 2579 457 2644 pictum
484 2576 597 2625 mutanti
640 2595 671 2644 ep
689 2579 768 2644 glossa
784 2579 841 2627 loro
856 2577 917 2625 mule
930 2578 1054 2626 intellecto
1069 2597 1155 2645 super·

79 2659 198 2724 Equidem
211 2669 293 2720 certe,
308 2659 360 2709 Cic.
373 2657 466 2722 ubique
481 2655 598 2705 otnrma·
639 2660 740 2725 scripta.
756 2659 817 2708 Iude
830 2661 897 2707 idem
909 2660 936 2706 in
949 2660 1045 2724 scriptis
1059 2662 1155 2720 multis,

79 2741 124 2787 dus
146 2739 288 2804 scripsisse,
309 2754 361 2788 nou
383 2738 477 2786 dubito.
492 2731 598 2784 Pessime
640 2741 748 2804 meisque
767 2749 885 2803 quatuor,
903 2748 960 2786 aute
977 2739 1042 2786 enim
1057 2737 1155 2804 legitur.

79 2817 149 2868 fluis.
161 2819 222 2866 loco
233 2817 382 2875 Clementia,
398 2815 524 2866 Carneade
535 2814 597 2863 scri·
641 2820 720 2881 Quem
728 2819 812 2865 locum
826 2831 901 2881 quum
912 2815 954 2864 alii
963 2817 1049 2866 scribae
1058 2819 1119 2868 male
1132 2819 1157 2868 ei

79 2901 135 2964 psit.
149 2901 183 2948 G.
192 2925 229 2937 -
242 2897 389 2946 Charmadas
407 2895 469 2961 (qui
482 2904 506 2943 et
519 2895 597 2944 Char·
640 2909 725 2961 aptum
738 2897 869 2956 vidissent,
886 2895 951 2944 enim
969 2895 1042 2960 plane
1059 2897 1156 2960 abjece-

78 2978 156 3026 midas
170 2975 269 3044 dimus)
280 2987 331 3026 erat
340 2975 438 3025 auditor
450 2974 595 3036 Carneadis,
641 2987 714 3035 ruut;
727 2986 751 3022 et
762 2975 810 3023 boc
823 2975 888 3024 lacto
900 2975 1017 3040 denique,
1029 2987 1057 3024 ut
1070 2977 1119 3026 Eri.
1131 2965 1157 3026 ei·

78 3059 189 3107 aburat.
205 3073 229 3105 e.
252 3057 298 3116 16,
321 3057 351 3105 de
373 3066 435 3104 orat.
455 3053 475 3103 l.
491 3055 530 3113 11,
550 3053 595 3111 883
641 3055 815 3104 aliiinuernm
826 3055 1155 3104 mutarunt.Acceditetiam

78 3139 153 3188 Tusc.
172 3139 197 3194 1,
211 3145 245 3192 at
263 3134 333 3200 (rid.
347 3136 366 3183 l.
379 3134 431 3201 V);
453 3131 511 3180 coll.
524 3135 548 3180 1.
563 3135 595 3181 Δ.
641 3132 765 3182 inlinitum
778 3143 873 3196 tempus
886 3131 1011 3196 dispertare
1019 3165 1027 3192 ,
1043 3134 1159 3198 gerundii

79 3217 175 3266 fabrio.
183 3215 216 3264 ad
227 3217 293 3264 Sext.
300 3215 406 3279 Empl‘.
414 3215 483 3278 Hyp.
493 3211 596 3272 1.1,33.
640 3211 697 3260 loco
707 3213 828 3276 positum,
840 3211 867 3258 iu
877 3225 927 3274 qut>
936 3221 961 3258 et
969 3211 1055 3260 scribae
1064 3224 1089 3261 et
1098 3215 1154 3263 VV.

115 3297 157 3344 13.
168 3293 402 3343 Metrodorus.vid
409 3292 439 3340 de
448 3302 510 3340 urat.
521 3294 546 3352 1,
555 3299 596 3344 ¹13
641 3293 695 3340 DD.
708 3290 833 3340 offendere
845 3289 923 3337 solent
934 3304 941 3338 :
954 3289 1011 3337 licet
1023 3289 1090 3338 baud
1099 3309 1155 3342 raro

79 3374 153 3440 Diog.
166 3377 248 3422 Laert.
257 3375 302 3434 X,
314 3371 329 3438 S
340 3389 365 3436 9.
594 3375 598 3384 ¹
640 3370 676 3418 sic
686 3385 766 3434 graeco
779 3385 847 3416 more
857 3377 951 3416 auctor.
959 3365 1000 3418 Cf.
1012 3369 1062 3417 Off.
1071 3372 1101 3432 Ι,
1114 3387 1155 3430 aa,

115 3462 157 3510 aa.
168 3451 335 3517 Ingredinmr.
345 3451 408 3500 sica
419 3450 468 3498 mei
479 3449 596 3513 potiores.
641 3451 673 3510 33
690 3449 781 3513 Philip.
799 3451 836 3507 Π,
858 3461 898 3508 17.
917 3447 1009 3495 Eodem
1025 3465 1092 3496 more
1109 3449 1154 3500 iul.

78 3536 112 3581 At
126 3535 175 3581 Dr.
191 3533 272 3580 Wrat.
289 3527 314 3596 ψ.
329 3545 384 3578 cum
398 3529 480 3577 multis
493 3528 597 3576 aliorum
639 3545 687 3595 pro
705 3526 851 3592 gerundia
871 3525 929 3572 dein
945 3527 1022 3590 poni,
1036 3529 1154 3594 exemplis

40 3647 45 3657 .
79 3610 256 3676 aggredimur5
274 3610 342 3675 quod
361 3607 438 3657 edidit
457 3607 595 3656 Lambinus.
639 3607 735 3656 idoneis
747 3605 828 3654 firmat
842 3607 919 3652 Karta
937 3604 969 3653 ad
984 3605 1099 3666 Dira.1‚
1114 3626 1153 3674 ep.

79 3690 142 3750 Sed,
161 3701 190 3739 ut
205 3691 255 3738 hoo
275 3689 393 3754 glossema
413 3703 544 3753 agnoscas,
561 3686 597 3735 its
641 3683 664 3736 5.
680 3687 741 3734 Tam
752 3700 816 3749 saepe
830 3695 909 3732 autem
922 3683 999 3745 illud,
1015 3696 1038 3732 et
1051 3687 1154 3748 adjecti·

78 3771 152 3817 Vien.
168 3785 201 3816 ex
214 3769 375 3816 correctione.
392 3771 430 3816 De
447 3766 496 3815 boc
515 3776 596 3814 autem
639 3781 711 3828 vum,
721 3775 746 3811 et
755 3762 909 3822 adverbium,
919 3763 1063 3822 inculcatur,
1073 3777 1100 3814 ut
1110 3766 1155 3812 mi-

79 3849 147 3898 verbi
163 3849 263 3914 ingredi
274 3864 320 3898 usu
332 3846 498 3911 exemplorum
510 3845 597 3894 sileam
640 3859 751 3892 mmuau
758 3842 823 3900 sit,si
830 3840 894 3890 idem
902 3841 950 3890 b.l.
959 3841 1048 3893 laetum
1056 3843 1153 3893 videris.
1259 3851 1267 3870 ’

79 3928 179 3992 collegit
191 3926 323 3975 Mencken.
334 3926 407 3986 Obss.
417 3925 443 3974 h.
454 3942 477 3974 a.
494 3927 524 3975 G.
640 3922 713 3970 Enim
724 3937 783 3970 vero
795 3933 859 3968 recte
868 3937 992 3969 revocasse
1001 3922 1073 3970 uobis
1086 3923 1154 3971 ride·

115 4007 160 4056 15.
177 4006 340 4055 Faciendum.
365 4006 470 4054 Goerenz
487 4001 597 4068 sacian-
641 4019 711 4063 mur,
724 4001 816 4066 quippe
830 4017 885 4064 quae
898 4001 1016 4066 particula
1031 4017 1154 4051 amavera-

79 4087 162 4148 dam,
185 4101 217 4134 ex
239 4073 368 4144 omuibus,
391 4084 487 4149 inquit,
508 4083 598 4132 uostris
642 4083 733 4131 tionem
748 4080 861 4141 adjuvet,
879 4095 934 4144 quae
948 4079 1005 4126 loeo
1018 4079 1066 4144 ipsi
1080 4081 1152 4131 inest.

80 4164 208 4227 dedimus3
221 4165 266 4230 qui
283 4165 323 4213 rel
342 4179 456 4230 expresae
474 4159 533 4224 'sie,
559 4161 599 4212 rel
643 4163 675 4212 G.
689 4187 725 4200 -·
742 4160 796 4209 Nee
813 4173 862 4207 ests
878 4159 954 4208 uliam
972 4157 1093 4208 mdonm
1112 4161 1151 4210 iu·

11 4209 12 4282 l
152 4255 181 4323 Ῑ.
211 4268 261 4318 Cic.
275 4282 336 4334 pars
347 4264 423 4314 tertia.
991 4267 1032 4338 17
