2764 4688
220 399 291 446 aso
552 375 946 445 ARGUMENTUM.

246 496 350 568 rebus,
371 507 478 573 praeter
493 493 663 574 probabile,
686 497 757 558 nibil
773 495 903 570 habere,
925 494 964 555 ad
976 493 1057 572 quod
1072 494 1103 552 in
1117 495 1234 574 agendo
1255 517 1284 555 se

250 592 414 671 applicent,
427 597 444 665 ς
460 611 530 665 ιον),
547 595 620 667 108,
638 613 702 672 ¹⁰9·
717 593 805 668 Quod
819 605 915 654 atatem
927 591 1090 652 Antiochus
1102 605 1205 650 contra
1216 597 1285 652 Car-

213 749 215 756 ,
251 689 372 748 neadem
382 691 512 766 pressius
523 690 669 748 monuisse
680 689 811 760 dicatur,
825 689 883 748 boo
896 703 974 748 certe
988 688 1152 761 decretum,
1166 709 1230 766 quo
1242 709 1285 747 sa-

253 787 337 866 piens
351 786 423 845 nihil
437 805 523 864 posse
536 787 649 866 percipi
663 785 868 866 perhibeatur,
889 787 921 846 in
934 787 1078 864 perceptis
1093 785 1204 844 criterii
1218 787 1285 844 loco

253 883 378 962 relinqui
390 881 532 942 debuisse.
544 883 601 945 sed
610 884 692 961 sequi
701 884 860 962 sapientem
868 883 998 963 ipsorum
1009 882 1073 961 pari
1084 883 1200 941 ratione
1210 881 1282 953 boc,

249 981 321 1040 nibil
341 1000 426 1059 posse
441 980 571 1060 percipi,
584 1000 643 1059 qua
658 979 822 1059 probabilia
840 991 995 1058 sequatur,
1019 999 1110 1058 ιιιιιιιιι
1123 991 1206 1037 certa
1224 980 1285 1038 veri

252 1091 322 1136 uota
337 1090 442 1136 careat.
456 1082 499 1137 Ita
516 1077 545 1136 ei
557 1097 617 1136 non
632 1077 835 1150 metuendum,
855 1089 890 1135 nt
905 1096 975 1136 vera
987 1097 1053 1135 eum
1066 1075 1146 1134 falsis
1157 1076 1285 1134 confun-

252 1173 320 1245 dat,
337 1180 353 1247 ς
369 1194 443 1252 ιο9,,
460 1193 523 1232 ιιο.
534 1178 595 1233 Nec
607 1175 736 1233 omisisse
751 1175 863 1234 Lucull.
879 1173 952 1232 illud
966 1172 1120 1246 Antiochi,
1137 1191 1199 1250 quo
1210 1171 1285 1232 rhi-

251 1271 291 1344 lo,
305 1284 337 1330 ut
347 1271 383 1330 de
391 1291 588 1350 pugnasecum
595 1271 758 1345 commissa,
769 1270 956 1331 vehementer
963 1268 1150 1349 perturbatus
1159 1268 1285 1328 dicatur.

250 1369 308 1428 Sed
325 1370 435 1428 nullam
453 1369 531 1430 hunc
548 1369 694 1430 admisisse
712 1389 853 1449 pugnam,
868 1389 959 1447 quum
974 1388 1076 1428 verum
1090 1385 1151 1426 non
1165 1369 1287 1428 tollatur

165 1539 168 1549 Ι
251 1467 379 1525 οιιιιιίιιο.
396 1473 495 1547 Quum
507 1487 593 1538 vera,
608 1480 669 1526 tum
685 1467 755 1527 salsa
769 1467 900 1546 agnosci;
919 1465 970 1526 sed
980 1479 1014 1524 ut
1028 1465 1210 1546 probabilia,
1225 1485 1284 1523 non

251 1584 289 1623 ex
304 1565 437 1639 clitorio,
454 1570 471 1638 S
488 1587 552 1624 111.

291 1634 432 1736 Quelitur
446 1662 507 1740 jam
526 1662 564 1722 de
585 1664 673 1723 nimia
696 1677 797 1723 contra
818 1663 882 1722 haec
903 1661 1072 1742 disputandi
1091 1661 1232 1722 exilitate.
1255 1663 1286 1720 Si

252 1759 328 1820 enim
342 1758 383 1833 id,
393 1760 473 1839 quod
484 1762 595 1840 percipi
602 1763 709 1840 possit,
720 1762 902 1841 simpliciter,
914 1782 941 1821 ι.
952 1781 976 1819 c.
986 1761 1198 1839 Peripateticus
1204 1761 1284 1836 quis,

250 1867 300 1920 tat
307 1867 462 1938 ὑπάρχοντος
475 1869 730 1941 ίιαπισφραγισμίιοι
747 1858 898 1930 definiret,
911 1879 983 1931 nec,
998 1877 1058 1936 quo
1073 1877 1118 1916 res
1131 1869 1286 1934 tantopere

252 1967 394 2029 mutetur,
408 1967 458 2020 ἀπὸ
467 1967 619 2038 ὑπάρχοντος
632 1975 691 2020 κατ’
700 1968 761 2020 αὐτὸ
774 1972 803 2019 rt
816 1967 942 2037 ὑπάρχοι,
955 1955 1116 2025 diceretur3
1129 1952 1208 2012 haud
1223 1972 1287 2011 ma—

249 2071 305 2130 gna
316 2054 501 2112 contentione
514 2074 588 2132 opus
599 2055 685 2113 foret.
695 2057 740 2113 Ne
753 2067 815 2112 tum
824 2053 956 2132 quidem,
969 2053 994 2111 si
1007 2051 1123 2130 sapiens
1137 2069 1286 2108 nonnum-

249 2167 337 2226 quam
346 2149 460 2227 opinari
473 2163 661 2223 statueretur3
672 2170 763 2228 quum
776 2147 939 2209 Cameades
950 2147 988 2208 ab
1003 2149 1059 2207 hae
1068 2147 1212 2206 sententia
1224 2165 1285 2204 nou

251 2245 334 2321 longe
344 2243 476 2305 abfuerit.
492 2253 531 2305 At
539 2268 616 2306 nunc
627 2267 717 2325 quum
730 2246 798 2304 talia
808 2257 909 2319 mutet,
924 2265 983 2304 non
995 2245 1160 2325 principum
1170 2242 1286 2303 Acade-

250 2341 315 2400 mias
330 2342 434 2400 veteris
446 2343 686 2424 philosophorum
702 2339 820 2421 aliquis,
837 2341 888 2401 sed
900 2342 952 2420 qui
963 2343 1009 2400 rel
1023 2341 1187 2414 Polemonis
1198 2353 1287 2398 aetate

252 2439 346 2510 minor
359 2439 412 2512 sit,
425 2439 497 2499 nihil
512 2461 542 2498 se
554 2439 668 2513 videre,
680 2439 726 2498 cui
741 2437 960 2498 accommodare
972 2457 1003 2496 se
1017 2437 1118 2516 possit.
1134 2441 1202 2496 Non
1217 2457 1287 2515 per-

251 2546 336 2613 cepto
347 2535 487 2608 assentiri,
495 2535 574 2614 quod
586 2535 658 2594 nihil
672 2534 751 2594 aliud
761 2535 813 2608 sit,
823 2555 911 2615 quam
921 2534 1049 2612 opinari,
1059 2553 1113 2612 per
1122 2545 1193 2591 vett.
1205 2539 1287 2592 Aea-

251 2629 376 2690 demicoa
392 2632 510 2710 quidem
527 2633 629 2705 licere,
658 2651 718 2690 non
731 2633 818 2691 licere
833 2651 888 2710 per
905 2631 1020 2690 Stoicos
1033 2644 1063 2689 et
1081 2629 1285 2688 Antiochum:

251 2747 425 2806 quamquam
439 2727 517 2787 hunc
527 2742 561 2787 ut
570 2728 717 2788 hominem
729 2729 848 2802 amarit,
861 2743 891 2788 et
907 2742 939 2787 ut
949 2727 1155 2806 philosophum
1166 2771 1174 2800 ,
1187 2745 1225 2784 ex
1236 2727 1285 2785 in-

250 2825 326 2903 genii
337 2825 487 2897 acumine,
502 2826 620 2885 maximi
633 2827 763 2890 aestimet,
778 2826 835 2886 Sed
849 2823 995 2903 quumbic
1007 2845 1038 2883 se
1050 2821 1217 2882 Academiae
1230 2843 1286 2883 ve-
1327 2813 1334 2826 ’

250 2921 319 2981 teria
331 2941 393 2980 esse
406 2921 499 2995 dicat,
520 2935 614 2981 tannen
627 2943 693 2982 oum
709 2927 824 2982 Zenone
841 2943 876 2980 ea
893 2934 1036 2994 statuere,
1058 2941 1123 2998 quae
1135 2921 1224 2999 plane
1247 2919 1285 2980 ab

248 3020 297 3077 illa
311 3017 475 3097 discrepent
504 3041 511 3075 ι
537 3019 604 3079 licet
620 3021 665 3079 rel
679 3021 743 3099 ipse
761 3032 916 3098 utrumque
930 3019 987 3077 hoc
1004 3015 1126 3098 probet,
1151 3017 1181 3074 id
1197 3017 1285 3076 unice

214 3163 218 3170 .
247 3115 360 3196 percipi
375 3135 476 3194 posse,
495 3116 576 3194 quod
591 3137 658 3176 oum
672 3118 744 3177 falso
759 3118 840 3176 nullo
854 3115 942 3175 modo
956 3114 1097 3174 conlundi
1112 3113 1221 3193 possit,
1235 3126 1282 3188 et,

248 3213 407 3292 sapientem
420 3233 578 3292 numquam
590 3215 720 3294 opinari,
733 3220 749 3287 s
768 3236 838 3287 ιιι,
854 3235 923 3283 ιιι,
943 3215 1007 3272 113.
1020 3217 1085 3272 Hoc
1096 3224 1192 3270 autem
1206 3231 1283 3290 pro—

248 3309 319 3368 bare
328 3331 359 3370 se
366 3312 447 3369 nullo
461 3311 550 3370 modo
564 3332 668 3392 posse,
685 3313 766 3390 quod
779 3331 869 3390 quum
882 3329 942 3369 non
953 3310 1069 3389 cognito
1079 3307 1213 3368 assentiri
1224 3313 1286 3367 Lu-

249 3406 342 3465 cullus
354 3405 452 3478 vellet,
465 3419 560 3466 tamen
572 3409 634 3487 ipse
645 3419 748 3489 σύςιμα
761 3409 854 3467 omnis
870 3408 1018 3487 sapientiae
1030 3418 1194 3485 proponat,
1205 3425 1284 3482 qua-

246 3503 271 3561 si
283 3503 314 3558 in
326 3515 385 3570 tum
397 3499 665 3578 innumerabilibus,
682 3503 718 3563 ab
729 3505 808 3562 omni
819 3506 902 3582 lapsu
914 3518 943 3562 et
953 3502 1119 3582 opinatione
1125 3501 1284 3560 immunem

246 3609 383 3677 praestare
394 3597 485 3675 possit
500 3602 506 3654 !
521 3599 567 3658 Ad
576 3599 657 3678 quod
666 3599 691 3658 si
700 3602 796 3679 ipsum
808 3600 916 3677 rapiat,
931 3599 1008 3658 idem
1019 3599 1108 3657 licere
1117 3598 1206 3657 etiam
1218 3597 1284 3676 pbi-

246 3692 437 3772 losophorum
451 3695 577 3773 reliquis.
590 3697 620 3758 Si
637 3717 690 3756 sua
701 3700 763 3756 sola
778 3717 845 3756 sera
857 3696 935 3755 dicat
947 3720 954 3755 ε
967 3709 1134 3775 arrogantes
1143 3713 1222 3769 esse,
1233 3695 1285 3774 qui

247 3791 321 3850 scire
336 3809 366 3847 se
382 3789 459 3848 solos
474 3792 572 3850 omnia
586 3807 698 3871 putent
712 3793 743 3854 si
757 3795 917 3874 sapientem
928 3794 1002 3851 scire
1015 3792 1093 3851 dicat
1107 3815 1114 3848 :
1131 3811 1222 3850 anon
1236 3810 1284 3850 sa-

247 3889 344 3969 piente
355 3886 444 3963 igitur
455 3888 594 3966 explicari
607 3890 777 3969 sapientiam
790 3893 798 3948 1
809 3889 867 3950 Sed
879 3909 970 3967 quum
982 3888 1044 3948 baec
1055 3887 1177 3966 quaetio
1183 3888 1223 3947 ad
1234 3907 1283 3947 so-

247 3987 307 4045 lum
321 3984 478 4062 sapientem
490 3985 651 4062 pertineat,
667 3987 704 4046 de
716 3987 774 4045 hoo
788 4007 818 4045 se
829 4007 907 4046 nune
918 3999 1064 4058 actumm,
1080 3991 1096 4058 ς
1111 3993 1181 4058 ιιι,
1196 3986 1264 4044 ιι5.

287 4087 321 4140 Iu
336 4094 394 4140 tres
404 4080 493 4158 igitur
501 4093 693 4158 partesquum
699 4083 894 4143 communiter
903 4081 1051 4142 dividatur
1061 4081 1282 4161 sapientia,esso
