2744 4684
245 287 315 376 462
540 257 547 272 “
656 287 899 362 1111111110.

248 411 330 484 clar.
341 409 491 504 Godosr.
505 407 665 482 Schritzii
673 409 833 510 ed.Lips.
852 411 957 508 1817,
970 411 1041 484 Cic.
1058 373 1319 510 Orientxlv,

246 525 312 620 qui
331 521 526 608 Paradoxa,
540 532 576 590 et
588 524 689 609 XVI,
703 545 739 620 p.
756 525 790 610 1,
807 525 871 619 qui
890 521 972 593 libr.
992 519 1037 592 de
1054 525 1193 594 Senect.
1215 547 1319 596 con-

246 637 347 704 tinet.
367 634 462 730 Lips.
483 629 610 724 1817.»

293 801 424 866 Praeter
441 814 482 862 ea
500 787 630 861 auxilia
642 810 722 886 quae
737 785 944 878 Gernhard,
959 802 995 861 et
1013 789 1079 860 viri
1096 785 1317 888 docti,quo-

244 923 328 973 rum
353 897 663 998 disquisitionibus
689 899 767 996 ipse
792 922 879 970 usus
906 912 980 987 est,
1004 897 1112 970 nobis
1132 902 1316 997 praestite·

244 1025 352 1099 runt,
380 1014 418 1082 in
444 1009 611 1082 manibus
634 1008 722 1091 fuit,
750 1023 791 1079 ut
817 1010 855 1078 in
882 1009 1022 1106 reliqua
1042 1012 1229 1081 Ciceronis
1251 1037 1315 1082 re-

245 1122 434 1209 censione,
462 1121 631 1190 nostratis
661 1123 690 1190 J.
710 1123 751 1190 V.
781 1118 923 1189 Leclerc
946 1119 1077 1208 editio,
1101 1123 1200 1194 notis
1232 1137 1316 1193 tum

244 1231 397 1319 criticis,
423 1243 501 1301 tum
532 1229 722 1326 exegeticis
746 1229 943 1316 instructa,
976 1253 1058 1326 quae
1090 1231 1157 1301 etsi
1188 1255 1316 1330 paucae

244 1363 400 1412 numero
423 1363 498 1410 non
519 1340 620 1436 parvi
642 1339 747 1437 pretii
768 1337 876 1409 nobis
894 1339 976 1410 visae
993 1352 1088 1410 sunt.

292 1453 325 1523 si
349 1474 430 1548 quae
456 1447 578 1520 adhuc
602 1451 641 1520 in
672 1473 781 1520 sensu
809 1448 1084 1547 interpretando
1102 1467 1316 1523 occurreret

243 1559 452 1648 difficultas,
482 1558 667 1649 adessent,
695 1571 824 1658 praeter
854 1558 996 1655 gallicas
1016 1562 1227 1647 versiones,
1248 1561 1316 1632 illae

242 1695 334 1770 quas
353 1695 482 1769 graece
515 1672 736 1768 scripserunt
765 1669 901 1742 Theod.
938 1674 1053 1758 Gaza,
1092 1675 1111 1742 J
1115 1727 1123 1744 .
1156 1676 1318 1744 Mon'sot

243 1778 520 1878 (Basil.1547),
546 1779 691 1851 Adrian.
718 1778 909 1850 Turnebus
934 1779 1146 1878 (Argentor.
1174 1781 1314 1878 1600),

243 1896 392 1989 Dionys.
403 1889 520 1962 Petau
537 1889 661 1984 (Paris.
678 1889 806 1990 1649),
827 1892 1073 1964 existimantes
1087 1915 1174 1967 sane
1191 1917 1315 1988 graecae

243 2001 374 2100 linguae
397 1998 640 2075 restituendos
656 2024 738 2074 csse
763 1999 864 2074 locos
888 2001 968 2076 illos
993 2027 1087 2101 quos
1111 2028 1159 2076 ex
1178 2005 1315 2078 Graecis

243 2109 380 2184 Tullius
401 2109 578 2188 hauserat.
