2784 4666
507 363 698 440 TIMAEUS.
1060 373 1131 474 609
1153 445 1156 452 ,

72 491 205 555 sensibus
234 504 353 572 patent,
387 489 560 570 doloresque
589 503 619 550 et
646 490 810 569 voluptates
840 491 947 550 cient:
975 494 1015 554 ita
1044 497 1132 576 lptnr

73 587 167 646 omnis
184 599 240 644 tam
255 583 396 644 sensibilis
413 601 500 661 quam
513 581 685 642 insensibilis
701 582 842 662 passionis
859 603 958 643 causas
971 589 1132 665 capiamus,

72 678 204 756 inprimis
215 677 353 736 memoria
367 687 542 753 repetentes,
557 673 637 752 quod
649 673 685 732 de
697 693 731 732 ea
741 685 853 746 natura,
863 681 928 752 quae
939 675 1021 736 lacile
1032 699 1133 741 move-

74 783 134 841 tur,
146 769 239 847 deque
252 787 300 840 ea,
310 787 375 845 quae
385 769 517 826 movetur
528 765 660 836 difficile,
671 782 760 845 supra
773 766 953 826 distinximus
964 790 971 825 :
983 769 1040 828 hoc
1056 774 1132 832 enirn

72 871 158 940 paeto
169 883 204 922 ea
216 859 351 940 persequi
365 855 504 918 debemus
517 857 631 930 omnia,
643 877 708 936 quae
722 858 970 937 comprehendere
981 861 1131 940 cupimus:

72 955 192 1032 quando
207 954 237 1012 in
253 954 301 1026 id,
316 951 396 1030 quod
413 950 496 1010 facile
513 950 624 1010 moveri
643 951 731 1022 solet,
743 951 843 1029 aliqua
861 953 908 1011 vel
921 951 1018 1012 brevis
1032 954 1134 1014 incidit

73 1047 185 1124 passio,
198 1057 294 1124 partes
309 1044 370 1122 ejus
383 1042 519 1121 quaslibet
532 1040 717 1120 sequentibus
730 1041 861 1120 partibus
878 1042 1008 1121 undique
1019 1046 1134 1123 passio-

72 1159 141 1197 nem
157 1139 248 1217 ipsarn'
269 1136 488 1210 transfundunt,
508 1153 660 1213 quousque
676 1133 712 1193 ad
731 1134 894 1213 prudentias
914 1136 1011 1195 sedem
1028 1152 1135 1218 perve-

71 1233 179 1300 uiator,¹
193 1229 244 1288 nbi
257 1249 310 1308 per
323 1227 376 1288 hus
395 1227 477 1307 quasi
489 1228 606 1286 nuntios
620 1227 750 1304 potentia
762 1227 855 1299 illius,
874 1226 953 1305 qnod
972 1229 1134 1307 passionem

72 1323 185 1394 intulit,
213 1323 369 1380 noscitur:
394 1318 473 1398 quod
500 1338 570 1378 vero
589 1332 691 1378 uonna
710 1325 753 1378 est
769 1318 904 1378 allectum
930 1333 960 1378 et
985 1319 1133 1380 immobile

71 1411 289 1494 quodammodo
302 1423 468 1492 perrrraaet,
493 1410 661 1470 circularem
674 1412 753 1471 illam
767 1410 987 1470 transfusionem
1002 1430 1062 1471 uon
1082 1413 1136 1472 ba·

72 1508 140 1579 bet,
151 1519 180 1566 et
190 1507 283 1586 ipsum
294 1504 411 1584 quidem
424 1503 533 1582 patitur
541 1504 652 1576 solum,
664 1505 798 1583 proxima
811 1523 882 1562 vero
892 1504 1008 1564 minime
1019 1519 1134 1570 movet:

70 1609 254 1678 quapropter
266 1617 356 1677 quum
369 1609 465 1676 partes
478 1597 542 1656 alin
560 1595 623 1655 aliis
634 1597 795 1675 passionem
810 1595 933 1674 primaru
948 1615 1007 1654 uon
1024 1597 1136 1675 impet*

72 1695 166 1764 siant,
189 1699 339 1768 totuque
354 1689 541 1748 animalhinc
561 1688 679 1746 minime
696 1687 829 1764 agitetur,
848 1705 947 1746 sensus
969 1701 1072 1765 expers
1086 1688 1135 1761 id,

70 1784 154 1864 quod
169 1784 288 1863 patitur,
298 1791 407 1840 exstat:
418 1780 449 1838 id
462 1781 594 1860 prolecto
608 1781 684 1838 circa
698 1792 763 1838 ossa
776 1779 954 1858 capillosque
966 1791 995 1837 et
1009 1781 1136 1859 reliquas

70 1889 262 1955 partes,quae
285 1886 406 1930 terrenae
424 1871 632 1950 utplurimum
647 1871 678 1930 in
701 1869 785 1929 uobis
810 1883 893 1943 sunt,
915 1870 1039 1929 accidit:
1056 1873 1137 1933 visin

68 1987 145 2027 vero
156 1981 186 2026 et
200 1965 314 2024 auditus
328 1963 517 2020 instrumenta
532 1963 616 2021 aliter
630 1962 748 2020 omniuo
759 1961 901 2034 efficiunt,
913 1963 982 2039 quia
993 1962 1050 2021 illis
1061 1963 1136 2041 ignis

66 2061 205 2137 aerisque
220 2057 263 2114 vis
277 2055 400 2114 maxima
415 2055 504 2113 inest:
520 2053 599 2133 quod
621 2067 762 2131 praeterea
786 2054 823 2114 ad
842 2054 1021 2134 voluptatem
1034 2056 1136 2116 attinet

66 2167 99 2212 et
116 2149 265 2216 dolorem,
277 2149 316 2204 ita
330 2145 547 2206 consideretur:
562 2146 657 2226 passio
672 2145 814 2206 violenter
827 2157 988 2225 praeterque
1002 2159 1135 2208 naturam

65 2241 189 2304 abunde
208 2240 352 2318 simulque
367 2238 451 2298 nobis
465 2239 544 2299 illata
556 2238 677 2298 molesta
689 2240 738 2298 lit:
759 2259 858 2298 rursus
871 2258 935 2317 quae
949 2239 981 2298 in
1003 2253 1136 2300 naturam

66 2333 189 2397 abunde
204 2332 347 2410 simulque
363 2331 526 2405 revertinrr,
540 2331 648 2390 dulcis:
661 2351 725 2410 quas
734 2345 836 2391 contra
847 2332 892 2404 fit,
905 2343 1025 2391 contras
1039 2333 1134 2412 passio

66 2442 142 2489 vero
159 2440 340 2504 magnacum
360 2424 496 2484 facilitate
516 2424 596 2484 illata
610 2426 734 2483 sentitur
751 2425 869 2503 quidem
890 2426 1031 2496 maxime,
1045 2425 1134 2486 volu-

67 2519 158 2601 ptatis
177 2531 273 2577 autem
289 2530 319 2576 et
337 2517 447 2576 doloris
469 2517 586 2576 minime
605 2517 751 2597 particeps
774 2526 834 2578 estt
857 2517 1023 2596 hujusmodi
1050 2531 1134 2590 sunt,

68 2631 136 2691 quae
158 2628 194 2668 ex
216 2621 334 2689 aspectu
356 2610 552 2688 proveniunt,
586 2610 774 2688 quiquidem
798 2621 904 2688 coaptas
928 2623 1059 2668 nostrum
1083 2627 1135 2667 co-

70 2716 191 2782 gnatum
207 2702 270 2770 lieri
289 2703 320 2759 iu
340 2700 388 2759 die
413 2719 502 2780 sopra
526 2702 726 2760 narravimus:
748 2700 817 2760 huie
837 2701 1001 2760 adustiones
1031 2699 1136 2758 sectio-

69 2812 177 2864 ncsve‚
198 2806 228 2853 et
247 2806 435 2873 quaecumque
454 2793 603 2870 passiones
621 2791 805 2869 hujusmodi,
828 2790 959 2849 dolorem
978 2807 1037 2847 uon
1059 2789 1132 2850 infe-

71 2900 156 2959 runt;
172 2905 227 2945 nec
241 2884 345 2958 enam,
359 2882 477 2961 quando
492 2883 522 2940 in
538 2895 618 2941 suam
633 2882 758 2960 speciem
773 2882 805 2940 fir
824 2880 984 2950 restitutio,
999 2882 1135 2960 volupta-

73 2995 150 3040 tem:
167 2996 268 3037 sensus
281 2988 376 3036 tamen
392 2975 574 3034 vehementes
585 2974 791 3052 clarissimique
804 2974 859 3053 ipsi
874 2984 1056 3050 competunt,
1065 2993 1134 3053 qua·

76 3085 160 3152 tenus
176 3067 285 3147 aliquid
299 3066 417 3146 patitur,
431 3066 610 3146 incurritque
623 3065 654 3125 in
671 3065 780 3145 aliquid
798 3079 827 3125 et
847 3064 979 3143 attingit:
998 3065 1135 3126 violentia

75 3161 218 3241 siquidem
229 3161 316 3239 bajus
329 3159 495 3218 discretioni
510 3160 724 3219 concretionive
740 3157 820 3217 nulla
834 3157 950 3237 penitus
963 3157 1046 3216 inest
1061 3162 1136 3218 Cor-

74 3273 152 3332 pora
167 3273 237 3312 vero
256 3273 291 3311 ex
311 3249 442 3328 partibus
459 3250 661 3330 grandioribus
681 3251 836 3310 constituta
853 3261 882 3308 ct
898 3248 948 3308 vix
967 3250 1063 3328 agenti
1083 3271 1135 3310 ce-

74 3343 188 3416 dentia,
203 3341 319 3421 quando
332 3342 474 3401 motiones
488 3343 581 3401 illatas
595 3344 625 3402 in
647 3355 740 3402 totum
755 3362 860 3422 corpus
875 3341 1034 3420 trajiciant,
1047 3345 1134 3402 volo—

74 3450 170 3515 ptates
186 3436 358 3514 doloresque
373 3435 538 3494 continent:
553 3435 670 3513 quando
686 3434 820 3494 videlicet
832 3455 849 3494 e
863 3453 916 3492 suo
928 3447 1004 3493 statu
1017 3453 1135 3497 mosen·

75 3543 132 3602 tur,
146 3529 275 3602 dolores;
289 3527 406 3608 quaudo
419 3527 556 3600 redeant,
577 3528 740 3608 voluptates
754 3549 762 3586 t
781 3548 970 3607 quacumque
984 3531 1134 3608 paullatim

73 3622 223 3681 abscessus
233 3625 488 3700 evacuationesquc
500 3620 544 3679 sui
555 3623 767 3700 perpetiuntur,
782 3622 955 3700 repletioues
966 3642 1038 3681 vero
1049 3625 1134 3683 sirnul

73 3729 161 3792 utque
172 3713 297 3785 abunde,
306 3733 395 3792 quum
410 3714 603 3772 evacuationis
616 3714 731 3792 quidem
744 3733 858 3773 sensum
872 3712 998 3774 habeant
1011 3717 1132 3788 nullum,

68 3795 242 3885 ¹repletionis
256 3817 351 3864 autem
365 3805 504 3879 babeant,
518 3807 633 3864 mortali
648 3807 749 3864 animae
763 3807 852 3884 ipsias
866 3807 1003 3886 potentias
1017 3808 1132 3867 dolores

73 3899 184 3970 nullos,
199 3897 360 3974 voluptates
374 3918 443 3957 vero
458 3899 595 3957 maximas
610 3898 748 3957 afferunt:
763 3899 843 3976 quod
859 3919 895 3958 ex
911 3901 1044 3960 suavium
1055 3897 1132 3958 odo-

73 4009 138 4048 rum
152 3989 337 4069 perceptione
346 3993 542 4069 cognoscitur:
556 4005 585 4050 at
596 4011 660 4068 quae
671 4011 687 4048 c
698 4010 749 4048 sua
764 4004 866 4050 natura
880 3993 1002 4051 simulet
1016 3989 1131 4049 abunde

72 4085 230 4162 pelluntur,
246 4083 394 4161 paullatim
415 4105 485 4144 vero
508 4085 555 4145 vix
575 4084 604 4144 in
628 4103 689 4143 cam
710 4084 906 4158 restituuntur,
929 4097 1030 4143 contra
1043 4101 1131 4161 quarn

170 4193 196 4256 1.
224 4205 271 4251 Cic.
283 4219 340 4266 pars
354 4205 425 4252 tertii,
964 4189 1009 4282 39
