2744 4684
258 337 330 426 416
603 339 652 404 M.
677 338 718 404 Τ.
743 335 987 407 CICERONIS

260 459 430 557 intelligi,
444 457 550 556 quale
564 459 629 546 sit,
646 459 707 528 vix
721 471 851 556 potest.
866 461 927 544 Et,
945 455 1125 554 quidquid
1138 473 1210 548 est,
1226 483 1326 531 mor·

259 573 328 644 tale
351 574 411 658 sit,
432 595 478 640 an
500 565 744 640 aeternum²⁶l
762 593 847 640 nom
870 583 1064 665 utramque
1082 571 1121 638 in
1138 585 1278 666 partem
1292 581 1322 628 ²¹*

260 680 375 752 multa
394 679 575 750 dicuntur.

304 795 379 862 XL.
398 795 537 862 Horum
557 787 693 886 aliquid
708 801 826 860 vestro
842 789 995 886 sapienti
1010 802 1149 860 certum
1164 788 1321 876 videtur3

261 915 404 985 nostro,
427 923 474 970 ne
499 897 589 995 quid
614 899 769 970 monime
791 897 938 996 quidem
963 897 1152 996 probabile
1175 901 1236 986 sit,
1260 923 1322 970 oc·

262 1013 395 1082 currit:
413 1013 465 1112 [ita
492 1021 578 1079 sunt
599 1007 638 1077 in
661 1007 843 1106 plerisque
863 1011 1123 1079 contrariarum
1145 1012 1322 1081 rationum

199 1153 247 1206 ,25
262 1123 360 1220 paria
375 1129 589 1190 momenw.
609 1120 672 1190 Sin
685 1122 759 1215 agis
774 1117 1031 1207 verecundius,
1047 1135 1083 1192 et
1098 1145 1157 1191 me
1172 1145 1320 1206 accusas,

263 1255 336 1303 non
360 1230 458 1326 quorl
489 1230 559 1299 tuis
585 1228 786 1300 rationibus
815 1253 890 1300 non
917 1231 1108 1318 assentiar,
1135 1231 1200 1302 sed
1227 1230 1321 1327 quod

262 1341 388 1430 nullis,
410 1343 551 1410 vincam
574 1341 761 1429 animum3
791 1341 925 1436 cuique
947 1327 1136 1427 assentiar,
1162 1339 1318 1438 deligam.

263 1455 380 1542 Quem
393 1450 638 1547 potissimum?
652 1450 784 1545 queml
797 1451 1066 1522 Democritum?
1077 1475 1221 1549 semper
1231 1454 1321 1521 enirn

262 1566 329 1656 (ut
344 1559 461 1654 scitis)
478 1557 658 1630 studiosus
679 1559 875 1631 nobilitatis
894 1558 957 1630 fui.
980 1561 1149 1658 Urgebor
1162 1563 1237 1658 jam
1251 1585 1320 1631 om-

264 1673 363 1742 niurn
385 1683 546 1741 vestrum
564 1670 728 1742 convicio
739 1681 765 1740 ².
788 1673 890 1740 Tune
907 1682 972 1740 out
992 1670 1100 1742 innoc
1128 1669 1319 1769 quidquam

264 1870 288 1926 1,
305 1881 350 1924 rr,
363 1867 414 1928 39:
429 1883 442 1906 a
451 1878 530 1920 mene,
544 1878 599 1927 qum
612 1879 699 1927 erpere
711 1873 775 1911 meet
817 1865 930 1912 Siceuim
939 1863 1001 1912 colet
1010 1865 1147 1929 exprimere
1155 1863 1251 1924 Cicero,
1259 1860 1321 1926 qood

264 1945 374 2007 corporie
393 1943 481 2006 (eujus
498 1941 590 2005 qenerie
607 1946 772 2002 Xenocraten,
818 1942 889 1992 Plato
900 1945 926 1990 in
939 1941 1043 1991 Pbmdro
1061 1941 1099 1992 ἐπ’
1111 1940 1237 2010 ἀμφότιρι
1248 1941 1319 1988 dixit:

264 2035 289 2070 et
300 2021 774 2086 aoperioreeetirrn,animnmeeeedire·
819 2021 871 2086 ipee
888 2024 914 2071 in
937 2032 1033 2070 orntore
1050 2021 1077 2070 in
1095 2021 1321 2084 compartus

265 2112 320 2152 rant
333 2097 382 2164 )·:
402 2101 427 2148 in
444 2116 494 2162 quo
513 2117 589 2163 quom
609 2100 773 2164 intellexeris,
819 2101 868 2148 boc
881 2101 949 2150 dicte
963 2103 1099 2165 Utrumque
1107 2100 1194 2149 otalii
1206 2099 1321 2160 δῖος-11η·

265 2174 397 2234 συλλίβδην
406 2177 437 2228 de
452 2181 601 2239 Xenocrate,
615 2191 639 2227 et
650 2181 680 2228 de
691 2179 773 2243 pbilo-
820 2181 904 2244 rippnr
913 2179 944 2236 εἰς
956 2177 1065 2248 innuptii
1077 2179 1167 2248 λέγω,
1176 2190 1202 2227 et
1211 2179 1241 2235 εἰς
1249 2174 1320 2226 τάπ’»-

265 2259 349 2325 sophir
359 2269 414 2311 ante
425 2259 506 2319 bunc,
520 2259 582 2320 dici,
593 2269 666 2322 atque
678 2257 735 2305 inde
744 2258 774 2306 de
819 2257 860 2308 *riu
872 2259 947 2328 λέγω
965 2275 996 2308 ax
1013 2259 1192 2308 conauetndioe
1206 2254 1321 2307 Aedem

179 2363 182 2370 ·
265 2339 336 2400 brrJ'nr
348 2336 466 2388 aeutentie
480 2338 563 2401 vegius
575 2337 682 2395 moueri,
693 2338 774 2400 perci·
820 2353 903 2386 corum
916 2337 983 2402 apud
1000 2339 1157 2387 Plutarchum
1175 2337 1202 2384 in
1218 2336 1279 2384 libru
1294 2331 1319 2380 tle

249 2420 317 2481 ·.piee
337 2417 454 2481 denique,
475 2427 552 2478 quom
571 2415 625 2465 b.l.
638 2433 689 2464 non
708 2415 774 2464 idern
820 2417 958 2466 Stoicorum
970 2416 1146 2480 repugnantiis.
1163 2417 1193 2464 Ρ.
1206 2419 1290 2462 Frena.

266 2496 354 2554 valeat,
369 2507 435 2544 recte
452 2497 524 2543 stetui
544 2512 558 2543 a
575 2495 696 2554 Bentleio,
717 2511 775 2559 pro·
855 2497 906 2544 11..
923 2511 945 2544 r.
959 2499 1044 2546 Itu...
1059 2493 1319 2543 momentorum

226 2585 230 2594 ’
264 2577 342 2642 prium
365 2577 509 2624 Xenocmtie
530 2576 561 2623 de
584 2575 666 2623 animo
689 2589 774 2623 rocem
819 2575 873 2623 bue
900 2575 932 2623 ad
961 2574 1150 2639 explicationem
1181 2572 1318 2626 verbum,

260 2673 317 2715 ,eree
337 2653 509 2719 reponendum.
536 2655 566 2704 ld
588 2654 655 2720 quod
681 2655 775 2703 fan'liue
820 2667 968 2705 nem...
994 2655 1113 2712 occurrit,
1136 2651 1221 2702 addita
1240 2651 1318 2701 videa:

265 2737 336 2784 etiam
343 2733 473 2794 concedes,
483 2734 503 2780 ai
514 2734 581 2782 rocie
589 2750 702 2782 uumerus
711 2747 775 2781 eorn-
820 2749 893 2800 prave
905 2733 980 2798 igitur·
991 2733 1017 2781 in
1027 2733 1184 2792 Emeetiaea,
1200 2742 1227 2780 ct
1238 2745 1286 2795 qua
1294 2743 1318 2774 α

265 2814 382 2879 pendium
394 2800 447 2858 mire
463 2812 592 2874 cogiteris,
608 2813 775 2877 reputnriaque
820 2829 848 2860 ea
869 2811 1008 2877 fluxerunt,
1029 2823 1122 2876 puncto
1143 2810 1319 2875 dintinguunmr.

265 2893 398 2942 acribarum
420 2890 564 2955 ignorantur
586 2892 717 2939 absurdum
738 2893 775 2939 vi·
820 2893 909 2942 Semne
930 2893 995 2940 eninr
1017 2896 1078 2940 eat':
1098 2891 1215 2940 «rtoem
1235 2888 1318 2952 Sapiens

267 2972 319 3021 deri
330 2969 710 3028 debuisee,unimumnumerunr
719 2971 775 3018 dici.
821 2981 870 3020 tam
883 2987 982 3035 perum,
998 2970 1066 3035 quorl
1080 2979 1175 3018 certum
1193 2971 1237 3026 ait,
1250 2965 1317 3022 'ild’

266 3052 305 3100 De
327 3051 380 3114 iper
392 3047 546 3096 -Xenooratia
568 3051 687 3097 contentia
709 3049 775 3099 conl.
821 3061 892 3099 utne
905 3049 1071 3116 deprehendat
1086 3048 1201 3113 quidm,
1219 3045 1281 3111 qood
1294 3043 1319 3088 tlt

271 3129 343 3190 Basle
354 3127 482 3178 Dictiono.
496 3127 521 3174 b.
533 3141 561 3176 n.
576 3125 671 3174 collatio
681 3125 776 3176 Aoadd.
820 3127 947 3194 probrbile
976 3130 1095 3188 maxime,
1126 3137 1254 3190 untopue
1273 3131 1318 3170 tunt

269 3209 293 3264 1,
307 3223 347 3266 rr,
358 3208 402 3270 39.
493 3217 496 3222 “
820 3209 888 3272 peria
897 3209 943 3254 ribi
954 3209 981 3254 in
993 3208 1116 3270 pleriaque
1126 3207 1201 3254 rebmr
1212 3201 1319 3270 opponit·

305 3285 347 3332 ab.
365 3283 546 3347 Ee„qrrr'dq12id
557 3295 606 3344 cst,
617 3286 720 3334 mortale
731 3285 778 3345 eit,
819 3301 874 3334 runr
887 3287 1006 3334 rationum
1022 3295 1144 3334 momenta
1156 3306 1177 3332 ι.
1194 3287 1273 3332 Preme
1283 3293 1318 3325 tu·

267 3377 303 3408 au
312 3371 437 3410 ceoeruum.
447 3363 538 3424 aperte
548 3364 574 3412 b.
583 3364 603 3412 l.
615 3375 641 3412 et
650 3363 778 3412 collentivo
821 3377 870 3414 tem
879 3375 965 3414 auctor
977 3377 1053 3428 greca
1063 3363 1155 3411 vertit:
1167 3361 1267 3413 moiri
1281 3351 1317 3412 teir

213 3497 215 3502 Ι
269 3455 355 3498 aenou,
373 3440 522 3502 ‹utpuooir
536 3443 776 3507 comprehendam»,
819 3441 929 3497 itinn
939 3438 1191 3509 ἀνταιιμίνοιςλόγοις
1201 3437 1316 3489 membru

270 3517 335 3576 dici,
351 3517 395 3564 rix
407 3527 455 3577 eat,
473 3529 500 3566 ut
512 3536 659 3570 moneamur.
676 3522 779 3586 Reliqua
821 3521 885 3569 Vide
891 3519 1012 3570 aimillirua
1019 3519 1086 3585 apud
1092 3519 1161 3568 Sext.
1168 3513 1316 3582 ttnptym

271 3605 392 3646 structura
413 3612 477 3644 mera
497 3600 581 3648 Graeca
599 3613 649 3660 eet,
668 3597 782 3660 irriti,
824 3598 1316 3662 r‚8;ol.Aoarlrl.l,ru,45.Dixitartm

270 3672 364 3732 emur,
381 3672 397 3728 'l
417 3673 517 3725 αἰώνων.
538 3679 649 3744 Denique
667 3681 782 3745 ignor-aut
823 3690 893 3727 caute
907 3687 992 3726 auctor
1008 3677 1033 3725 r'u
1047 3673 1188 3742 plerisque,-
1208 3689 1260 3722 nam
1275 3683 1316 3734 qut

271 3753 339 3804 oud.
349 3748 374 3817 ψ.
387 3754 449 3802 Ven.
463 3764 542 3820 1494,
551 3759 594 3820 rit,
606 3760 686 3824 quod,
699 3761 726 3808 in
735 3760 781 3808 hac
821 3758 853 3807 ad
866 3759 979 3808 virtutem
992 3755 1162 3822 pertinebant,
1177 3771 1206 3803 er
1218 3755 1252 3801 eic
1263 3745 1316 3814 qwl

272 3831 499 3897 comprehendent·
507 3837 616 3887 oratione
622 3873 630 3898 ,
642 3855 728 3903 parurn
738 3839 782 3886 ab·
824 3847 924 3900 excepta
934 3851 985 3884 eree
995 3833 1082 3884 voluit.
1092 3836 1124 3882 Ge

272 3929 340 3972 cunr,
354 3912 413 3976 quin
424 3911 536 3974 probem.
549 3916 581 3964 G.
859 3933 884 3964 u.
899 3915 1017 3981 Deligurn.
1030 3914 1107 3976 Qum
1116 3911 1286 3977 potissimi·
1295 3935 1313 3950 ι·

308 4008 351 4054 η.
369 3993 500 4054 Utramque
512 3991 537 4040 r'n
545 4005 649 4057 portam.
667 3996 708 4044 Sic
720 3995 782 4045 bene
826 3993 945 4045 convicio.
959 3997 989 4042 in
999 3993 1094 4052 verbio,
1105 4007 1177 4056 quem
1184 4001 1235 4056 pet.
1245 3981 1317 4034 dell*

273 4073 377 4120 conexit
389 4069 476 4124 lamb.
488 4087 535 4136 pro
548 4085 654 4137 utraque
667 4075 692 4124 ier
702 4085 782 4142 parte.
827 4091 879 4124 rare
894 4091 920 4124 ae
932 4085 1017 4124 auctor
1033 4071 1118 4136 lingit3
1136 4063 1284 4135 tnretttgmda
1293 4056 1317 4107 'd
