2748 4670
208 317 278 390 316
543 321 591 388 M.
617 319 656 386 T.
683 319 927 390 CICERONIS

206 437 416 528 Videsne¹⁵‚
439 453 479 510 ut
501 442 540 509 in
558 438 753 538 proverbio
771 440 817 509 sit
838 465 990 512 ovorum
1009 424 1109 513 inter
1123 465 1162 514 se
1180 443 1281 511 simi·

209 548 349 621 litudo?
371 563 491 620 umen
513 548 584 620 hoc
602 551 825 648 accepimus,
838 550 920 621 Deli
939 549 1047 624 fuisse
1066 551 1281 650 complures

209 660 333 758 (salvis
366 657 476 730 rebus
507 655 651 754 illisu),
669 662 733 756 qui
767 658 915 755 gallinas
947 661 1042 734 alere
1077 661 1281 759 permultas

208 783 365 868 quaestus
386 793 490 840 causa
510 768 690 840 solerent:
714 767 751 838 hi
767 793 882 865 quum
900 795 1009 842 ovum
1025 774 1281 871 inspexerant,

158 903 192 958 58
209 906 290 979 quae
312 879 350 950 id
372 877 502 976 gallina
521 880 737 978 peperisset,
759 876 877 951 dicere
890 891 918 936 ¹⁷
946 880 1118 954 solebant.
1147 883 1282 976 Neque

208 991 246 1062 id
265 1005 320 1062 est
335 1005 462 1061 contra
479 1013 546 1061 nos
559 983 608 1058 ¹⁸:
629 1013 711 1060 nam
730 987 837 1060 nobis
855 991 940 1062 satis
958 1006 1033 1079 est,
1051 1016 1118 1062 ova
1140 991 1205 1061 illa
1230 992 1282 1058 in·
1318 1047 1323 1057 .

210 1115 415 1173 ternoscere
430 1111 471 1169 ¹9.
489 1098 587 1172 Nihil
604 1100 701 1170 enim
715 1099 825 1195 magis
841 1102 1006 1170 assentiri
1021 1109 1195 1199 potest²⁰‚
1211 1097 1283 1168 hoc

211 1303 438 1371 apientLVerbnm
453 1315 488 1352 eet
499 1303 581 1351 futuro
594 1311 656 1366 pert.
666 1301 725 1363 juu-
765 1299 781 1364 S
797 1301 840 1356 51..
860 1301 939 1364 Quam
958 1301 1020 1350 nihil
1038 1313 1122 1350 contra
1140 1315 1194 1348 rem
1214 1315 1283 1347 enam

211 1395 279 1432 otum
289 1383 386 1448 ignorat
394 1387 457 1434 Veu.
471 1392 545 1446 ¹494·
556 1383 586 1430 G.
723 1381 725 1385 ’
766 1380 844 1428 iacere
855 1379 969 1428 Lucullus
982 1379 1059 1439 dicit,
1071 1395 1146 1444 quum
1160 1379 1221 1427 serie
1234 1379 1282 1435 eit,

251 1464 290 1512 15.
307 1463 419 1510 Videsne.
434 1462 519 1511 Malim
531 1461 617 1519 Vides,
629 1475 725 1509 necnm
767 1459 787 1506 ei
807 1469 887 1506 tamen
906 1475 952 1507 ove
973 1460 1119 1518 internosci,
1137 1469 1166 1507 nt
1188 1457 1285 1505 Delietei

214 1542 405 1605 iutermgetione
422 1541 515 1591 sublata
538 1557 545 1592 t
568 1541 641 1590 nimis
660 1539 725 1588 enlm
767 1538 905 1601 exemplum
920 1537 1021 1600 docent,
1037 1539 1141 1604 poeaiut.
1158 1537 1200 1587 Ci.
1221 1535 1286 1583 inira

213 1637 279 1688 saepe
290 1621 343 1669 baec
356 1621 474 1686 perticule
488 1621 545 1669 huic
556 1621 631 1668 verbo
643 1618 725 1667 adlue-
768 1618 819 1676 26,
833 1617 874 1668 86.
889 1619 920 1667 G.

215 1701 262 1758 eit,
276 1715 326 1764 quc
340 1701 393 1750 Cic.
411 1701 560 1748 Platonicum
577 1699 634 1770 ὁρᾷς
646 1698 727 1746 imita·
807 1713 849 1760 tp.
864 1699 917 1745 Ova
929 1697 974 1746 itta
986 1695 1229 1745 internosceretur
1240 1692 1287 1740 itte

215 1789 264 1828 tnr.
277 1780 308 1828 G.
769 1776 864 1826 addunt
880 1794 928 1825 non
945 1777 1010 1826 Gnd.
1028 1776 1079 1824 Erl.
1092 1776 1165 1824 Vico.
1183 1773 1228 1822 sed
1245 1774 1287 1819 in-

256 1858 298 1908 16.
310 1858 386 1906 Salvis
399 1857 470 1906 rebus
483 1857 538 1906 illis.
552 1857 581 1906 td
590 1868 640 1916 eet,
651 1871 728 1921 quum
770 1857 1054 1922 tempestieemonenim
1061 1855 1147 1905 acribte
1156 1854 1287 1920 capiebant

217 1938 290 1985 eelvn
311 1937 392 1985 rdlrnc
412 1953 450 1985 ree
471 1947 551 1985 esseut
572 1937 637 1986 Deli.
659 1935 730 1984 Nihil
770 1935 860 1988 inlinit.
870 1938 943 1986 activi
955 1949 1061 2001 tempus.
1076 1933 1115 1987 G..

217 2015 293 2080 igitur
308 2015 395 2064 inillis
410 2015 479 2080 (quo
497 2027 589 2065 remota
606 2015 646 2064 illa
661 2013 730 2063 floria
809 2031 850 2064 nc.
866 2015 937 2064 Nihil
948 2017 1011 2065 enirn
1024 2016 1104 2080 magis
1117 2011 1232 2061 assentiri
1239 2029 1289 2076 po·

218 2093 372 2143 Delircorum
402 2106 512 2161 tempora
547 2096 687 2144 indicentur
699 2097 729 2160 )‚
772 2095 1005 2144 aest.Goerenedat:
1017 2112 1042 2144 n.
1055 2103 1288 2156 e.rn.asr.parest.

220 2173 335 2223 Gulielm.
354 2175 438 2224 Daris.
461 2187 487 2224 et
506 2177 618 2226 Durand.
640 2176 731 2224 haerere
773 2177 848 2224 Grata
862 2191 931 2234 cane,
943 2175 1037 2239 iuquit,
1051 2187 1132 2224 mente
1145 2170 1288 2237 accipienda

221 2250 349 2300 debebant.
357 2253 507 2318 Explicrnda
515 2255 731 2321 potinehaecverbe
773 2255 912 2304 emendatio
923 2255 970 2303 luit
982 2255 1089 2313 Davisii,
1104 2270 1150 2318 qua
1161 2252 1220 2300 loeo
1233 2250 1289 2299 vnl-

220 2341 306 2392 erant,
322 2348 376 2395 quc
394 2349 438 2396 per
452 2350 477 2383 re
491 2352 541 2383 nou
555 2336 730 2400 intelliguntur.
774 2335 823 2400 gari
831 2345 922 2398 potest,
926 2349 976 2398 par
984 2345 1019 2381 est
1030 2333 1192 2384 commendat.
1202 2332 1234 2379 Et
1242 2346 1290 2378 noe

221 2411 280 2458 Erat
292 2409 367 2474 igitur
379 2411 437 2461 olim
450 2414 526 2462 Deloe
538 2415 631 2475 insula,
641 2430 732 2479 exquo
775 2415 874 2480 quidem
888 2417 976 2479 saepius
994 2415 1020 2460 in
1037 2413 1134 2478 scriptu
1147 2429 1201 2476 par
1215 2414 1291 2460 estin

221 2499 332 2555 ternpore
343 2493 447 2541 Romani
456 2495 732 2552 Corinthumdelcrant,
770 2505 852 2561 potest
866 2503 1008 2558 corruptum
1024 2492 1236 2556 deprehendimus.
1252 2495 1291 2538 lta

221 2585 350 2619 commune
366 2573 435 2634 qnasi
457 2575 557 2622 Graecire
580 2577 733 2638 emporium
775 2593 800 2622 v.
814 2591 836 2622 c.
850 2575 914 2638 Top.
925 2581 958 2634 t,
970 2573 1013 2622 23.
1035 2572 1129 2620 emec
1142 2587 1200 2619 vero
1214 2571 1290 2626 ratio,

214 2635 254 2697 'ci
274 2650 361 2698 Strabo
374 2654 416 2712 X,
427 2669 453 2718 p.
470 2660 533 2714 πίῃ
547 2655 634 2704 Cicero
650 2668 696 2718 pro
706 2657 733 2702 L.
776 2651 889 2702 assentiri
893 2669 993 2717 possum
1002 2652 1137 2705 anedentie.
1149 2666 1235 2698 manca
1245 2661 1291 2698 eat.

222 2729 309 2779 Menil.
323 2731 368 2790 18,
379 2731 421 2780 55.
432 2732 480 2780 sed
489 2732 556 2780 bello
565 2733 734 2781 Mithridatico
776 2733 839 2782 Nam
848 2733 868 2781 ei
877 2731 986 2798 regulam
996 2729 1070 2779 labes
1075 2764 1084 2786 ,
1093 2747 1165 2797 quam
1175 2731 1291 2794 squaru,

223 2807 308 2874 (667)
322 2822 460 2875 expugnata
471 2823 507 2860 eat
515 2811 568 2859 haec
579 2811 669 2871 insula,
682 2827 736 2877 gra·
777 2823 829 2861 turn
840 2829 889 2860 non
895 2823 965 2877 potes
975 2827 1027 2859 cam
1038 2811 1107 2875 sequi
1116 2847 1124 2872 ,
1134 2811 1178 2858 scd
1184 2825 1237 2873 par
1244 2822 1293 2867 eet,

223 2888 296 2952 vlqne
310 2889 444 2937 calamitate
458 2889 557 2938 efflicte.
577 2890 615 2939 ct.
629 2893 735 2956 Appian.
777 2902 806 2940 nt
821 2892 855 2939 ric
869 2891 951 2941 iacias.
967 2891 1037 2938 Sena.
1052 2903 1134 2939 autem
1148 2889 1226 2937 totius
1238 2905 1295 2936 een·

224 2966 310 3016 uiue.
324 2984 348 3015 c.
363 2968 409 3017 28.
424 2969 455 3016 G.
779 2971 861 3020 teutiae
871 2970 912 3018 hic
921 2981 973 3017 cat:
987 2991 1000 3011 ι
1010 2971 1087 3034 AEque
1098 2969 1163 3017 euim
1175 2970 1293 3016 convenit

264 3063 304 3108 ¹7·
313 3048 408 3096 Dicere.
418 3049 485 3096 Crat.
495 3049 632 3112 etllervag.
649 3049 738 3100 dunen
779 3066 902 3100 amentum
916 3049 1031 3097 cohibere
1044 3051 1069 3096 in
1084 3065 1130 3108 eo,
1147 3059 1175 3096 ut
1188 3059 1293 3104 sumas,

226 3141 290 3174 nere.
304 3128 335 3174 G.
482 3141 483 3146 ’
778 3131 829 3180 hoc
841 3146 916 3178 ovum
927 3129 990 3176 illud
1001 3128 1066 3178 illins
1077 3127 1173 3192 gallina
1186 3143 1252 3185 cuae,
1264 3143 1293 3174 rc

265 3205 305 3252 rt.
319 3207 404 3270 Neque
416 3206 444 3254 id
454 3218 491 3255 est
504 3217 589 3274 contro
601 3224 654 3256 nos.
673 3211 737 3257 Tur·
781 3211 801 3259 ei
813 3213 877 3257 iuter
889 3209 930 3257 illa
941 3225 986 3256 ove
1001 3209 1072 3272 plane
1086 3207 1148 3256 nihil
1159 3207 1292 3256 interesset.

227 3280 287 3330 baut
304 3283 403 3345 quidem
420 3285 445 3332 in
463 3286 502 3333 hir
520 3287 593 3335 codd.
611 3288 678 3336 Gnd.
693 3293 738 3340 Dr.
780 3289 898 3352 Regulam
907 3290 971 3336 enim
978 3288 1041 3336 hano
1050 3289 1197 3352 sequendam
1207 3286 1293 3344 habeo,

229 3363 284 3410 Wr.
299 3377 344 3424 pro
357 3361 440 3419 idest,
457 3363 537 3427 idem,
550 3377 575 3414 et
588 3368 633 3415 Dr.
648 3369 698 3418 Erl.
711 3365 737 3434 ψ.
782 3384 809 3416 ea
825 3368 900 3416 modo
917 3369 967 3416 vica
982 3367 1010 3414 iu
1024 3368 1086 3415 veris
1099 3366 1214 3432 ponende
1230 3381 1293 3425 enee,

230 3455 285 3490 noe.
300 3439 349 3486 Setl
366 3444 432 3504 priua
444 3443 536 3508 ubique
552 3445 587 3493 sic
601 3463 645 3511 per
658 3463 740 3513 comp.
784 3463 839 3511 qun
859 3446 916 3494 falae
927 3463 978 3494 esee
993 3457 1114 3510 nequeant
1125 3469 1148 3496 ι.
1168 3475 1203 3483 -
1215 3445 1294 3493 Vertit

231 3529 333 3584 pravant
347 3517 446 3578 scribae;
459 3531 483 3569 et
499 3523 526 3569 iu
543 3524 592 3572 lecc
610 3541 741 3592 numquam
784 3525 897 3584 tectore,
916 3529 959 3590 qui
981 3527 1006 3574 in
1027 3524 1180 3574 emendando
1204 3524 1294 3573 Davisii

232 3614 284 3647 non
299 3596 399 3647 venant.
416 3598 483 3646 Nihil
497 3601 570 3664 igitur
586 3605 611 3653 in
626 3623 651 3654 ee
663 3608 743 3655 conti·
785 3615 889 3654 correct.
899 3615 993 3670 parere
1005 3607 1129 3669 requitur:
1143 3605 1234 3653 «Cette
1247 3619 1294 3651 ree·

232 3689 308 3736 nent,
328 3677 394 3727 uude
405 3693 447 3730 ant
460 3685 561 3736 Gnietns
572 3706 600 3736 ea
613 3687 743 3752 deglosae·
786 3683 922 3732 semblence
941 3684 1002 3733 n'cst
1021 3686 1093 3750 point
1115 3696 1202 3732 contre
1221 3699 1295 3744 nons3

232 3769 296 3807 mate
302 3771 411 3824 suspecte
418 3761 564 3822 habere‚tut
571 3768 653 3816 Daris.
661 3767 743 3815 vitiata
787 3780 828 3811 car
838 3763 855 3812 il
870 3779 932 3811 noua
943 3759 1011 3810 suffit
1023 3764 1053 3810 de
1065 3764 1174 3828 pouvoir
1191 3761 1227 3810 let
1246 3761 1295 3810 dis-

230 3836 341 3898 jntlicare
355 3841 444 3903 poerit3
458 3841 493 3888 sic
507 3853 534 3890 ut
546 3843 586 3892 hic
600 3867 613 3886 ι
622 3847 704 3909 Atque
717 3845 743 3891 id
788 3844 903 3907 tinguer3
919 3854 944 3890 et
954 3841 1035 3906 quand
1044 3844 1069 3902 ie
1080 3841 1135 3889 die:
1151 3842 1215 3890 C’cet
1225 3841 1296 3888 celui-

234 3927 270 3964 σοι
278 3927 363 3964 contra
371 3935 415 3967 voa
425 3940 451 3979 ι,
461 3919 569 3969 suadeat.
578 3924 653 3970 Recte
663 3925 743 3972 locum
786 3919 847 3984 ll,je
856 3938 887 3971 ne
895 3922 945 3970 suis
953 3938 996 3987 per
1010 3921 1064 3985 plus
1074 3919 1155 3986 oblige'
1165 3921 1197 3969 de
1206 3922 1296 3968 donner

234 3995 338 4059 explicat
351 3997 433 4047 Lamb.
448 3997 588 4047 Academici
601 4000 664 4048 enim
680 4001 744 4062 obii·
788 4017 845 4050 mou
857 4002 1012 4049 areentlmeut
1024 3998 1038 4047 i
1050 4011 1113 4047 cette
1127 3999 1195 4059 ldie,
1206 4016 1251 4064 quc
1260 3997 1296 4045 eil

235 4071 331 4123 ciebunt
343 4075 525 4127 similitudinem
541 4091 652 4126 ovorum.
669 4079 742 4128 Goul-
788 4079 1000 4145 n'yaraitaucune
1011 4078 1298 4128 diffuenceemreew.
