2764 4688
384 338 767 414 ARGUMENTUM.
982 369 984 374 ·
1044 335 1114 410 nni
1220 329 1222 340 ¹

85 462 201 522 scientie
215 461 299 540 (que
309 461 341 520 in
351 462 415 521 solo
425 463 555 541 sapiente
567 459 638 540 sit),
651 461 749 519 locum
762 457 869 520 habere
879 479 939 520 nou
951 479 1045 540 posse.
1058 465 1116 521 Ae-

87 572 182 618 cumte
196 559 323 638 majores
333 559 364 618 in
371 558 564 639 jurejurando
576 558 692 632 secisse,
707 557 839 618 formulis
850 557 970 631 additis,
981 558 1117 618 exanimi

88 657 242 730 sententia,
260 669 308 730 et,
321 657 347 716 si
358 657 451 717 sciens
463 657 533 716 sallo
545 679 552 715 :
566 669 596 716 et
605 655 687 735 quod
701 656 731 714 iu
742 667 831 728 teste,
845 655 892 714 vel
905 655 930 714 si
943 656 1067 716 ocularis
1078 677 1118 718 cs·

87 766 145 826 set,
156 753 297 811 arbitrari
310 775 323 826 ‚·
336 754 462 834 ajudice
471 753 587 834 jurato,
601 753 682 832 quod
696 752 967 831 cognorit,⁴viden',
982 772 1116 831 pronun-

88 851 190 908 ciatum
202 850 352 909 voluerint
361 857 401 926 ,s
421 860 496 922 141„
515 849 587 928 145,
603 850 671 920 ι46.

119 945 178 1005 Sed
195 965 289 1025 quum
300 959 390 1007 naute
401 948 520 1017 missus,
534 946 637 1028 etipse
653 945 774 1006 Fauonii
785 947 881 1005 exorti
897 965 1050 1018 susurrus,
1062 967 1116 1008 na.

87 1041 260 1120 rigationem
273 1043 446 1120 suaderent,
461 1043 501 1104 ite
514 1055 647 1123 peroret,
662 1055 695 1102 ut
709 1056 811 1102 auctor
822 1043 876 1116 sit,
888 1043 912 1102 si
923 1044 954 1102 iu
966 1055 1117 1122 posterum

86 1139 147 1199 otia
157 1153 344 1218 quaerautur,
357 1143 455 1223 potius
462 1142 499 1203 de
508 1139 659 1201 discordiis
670 1139 849 1200 'summorum
858 1139 1117 1221 philosophorum,

88 1235 123 1294 de
137 1234 376 1309 difficultatibus,
393 1237 501 1318 quibus
516 1252 627 1298 nature
642 1236 768 1316 cognitio
785 1236 976 1329 impediatur,
993 1250 1023 1298 et
1035 1238 1117 1298 simi-

89 1329 172 1408 libus,
193 1332 363 1394 disseratur.
375 1335 531 1409 Lucullus,
548 1335 664 1414 placere
675 1331 732 1393 sihi
743 1333 814 1393 tales
827 1353 993 1408 sermones,
1011 1354 1118 1414 eosque

90 1430 225 1508 repetitos
240 1432 334 1508 vellc3
353 1433 489 1508 Catulus,
510 1453 541 1492 se
557 1431 596 1492 ad
610 1432 701 1512 patris
715 1431 913 1492 Carneadeam
930 1432 1117 1510 senteutiam,

89 1545 140 1604 qut
148 1529 276 1608 sapienti
287 1530 404 1609 opinari
414 1531 517 1601 licent,
531 1528 628 1590 redire
639 1553 648 1605 3
660 1532 776 1608 pariter
785 1528 883 1590 etitem
897 1549 964 1590 cum
977 1531 1118 1591 Cicerone

90 1635 159 1705 ὶπυχῇ
167 1627 267 1686 favere
277 1649 285 1685 t
296 1629 469 1689 Hortensius
476 1627 603 1708 denique
612 1627 714 1707 jocosa
722 1627 921 1708 ambiguitate,
938 1631 1117 1702 Tollendum,

89 1725 262 1800 pronuntiet
283 1726 371 1802 Quod
384 1727 426 1786 ita
436 1727 540 1806 arripit
553 1727 672 1802 Cicero,
688 1745 722 1785 ao
733 1727 759 1786 si
767 1725 835 1799 ille,
850 1727 974 1805 proprio
990 1725 1048 1786 hoc
1065 1747 1115 1786 re-

90 1821 218 1882 centioris
242 1822 540 1901 Academiaererbo,
571 1836 601 1888 τὸ
623 1834 782 1892 καταληπτὴν
803 1821 964 1884 tollendum
986 1822 1112 1898 dixerit,

91 1916 189 1995 §¹l7s
210 1921 278 1990 ¹48·
