2762 4682
244 390 313 464 too
607 361 937 436 INTRODUCTIO.

240 490 320 555 det:
336 487 504 552 «Sentiant
520 487 689 569 enim,·aut
704 508 772 552 non
789 485 930 550 sentiant
944 503 1075 565 senstu,
1088 482 1308 550 necessarium

136 593 146 601 ’
239 618 320 662 csse.
337 590 554 681 Acsiquidem
571 592 732 673 sentiunt,
749 591 857 656 fallere
874 589 1009 654 minime
1025 606 1184 678 possunt,
1202 613 1308 680 quum

239 703 364 766 ratione
380 703 470 765 omni
485 714 629 780 careant,
645 719 707 762 nec
721 695 839 763 addere
853 694 1050 786 quidquam,
1064 713 1122 760 aut
1136 697 1310 762 detrahere

238 807 299 890 iis,
317 829 396 895 quas
414 804 615 894 exceperint,
631 802 806 893 phantasiis
825 803 948 866 sciant:
966 821 1065 890 quare
1081 798 1220 866 fideliter
1239 801 1308 868 illas

237 925 479 1001 repraesentare.
498 911 606 997 Atque
624 930 728 996 quum
744 907 867 972 nullam
880 907 1114 997 praeteritarum
1125 906 1311 995 phantasia·

238 1041 313 1083 rum
326 1017 389 1106 ipsi
404 1014 493 1105 apud
509 1037 544 1079 se
559 1037 672 1092 sensus
684 1015 874 1080 memoriam
889 1029 1083 1078 conservent
1097 1021 1261 1103 (namque
1274 1029 1309 1078 et

236 1122 298 1190 hac
307 1121 404 1186 etiam
418 1118 568 1186 facultate
577 1117 836 1207 destituuntur),
848 1141 916 1182 non
923 1117 1031 1182 valent
1039 1117 1223 1206 phantasias
1231 1140 1309 1207 per·

237 1243 382 1310 mutare,
407 1226 567 1312 aliamque
576 1247 642 1314 pro
656 1223 716 1288 alia
732 1223 862 1290 offerre.
884 1223 1017 1289 Immoti
1038 1223 1138 1313 igitur
1157 1239 1311 1289 constant

233 1355 369 1416 sensus,
386 1355 447 1397 nec
459 1332 501 1397 ab
519 1331 581 1396 alio
599 1330 828 1396 utdettahant
843 1329 937 1420 quid,
957 1345 1015 1396 ant
1029 1329 1166 1414 addant,
1183 1331 1311 1396 moveri

237 1453 377 1527 possunt
389 1467 412 1502 ν.
434 1435 525 1500 Idem
541 1434 587 1524 (ι)
603 1433 796 1500 confirmare
816 1434 945 1500 tendit:
964 1465 977 1492 ι
989 1434 1095 1500 Etiam
1108 1431 1121 1522 (
1132 1435 1262 1524 inquit)
1280 1436 1310 1500 si

236 1543 369 1608 mentiri
382 1564 496 1606 sensus
509 1556 608 1629 atque
624 1541 733 1606 fallere
752 1561 813 1606 nos
831 1557 983 1630 possent,
999 1563 1066 1606 non
1084 1556 1134 1606 est
1148 1564 1217 1629 quo
1234 1541 1309 1607 illos

234 1670 409 1738 arguamus
429 1669 467 1711 ac
484 1646 556 1710 falsi
574 1645 815 1710 continuamus.
836 1645 952 1735 Neque
973 1646 1061 1710 enim
1087 1645 1233 1726 ejusdem
1251 1669 1311 1737 ge-

238 1755 325 1820 neris
349 1775 480 1818 sensum
502 1751 647 1833 ejusdem
664 1750 791 1842 generis
809 1751 871 1816 alio
897 1750 1041 1832 judicare
1059 1767 1107 1816 est
1118 1777 1136 1834 ;-
1150 1753 1311 1840 aequalem

235 1861 332 1924 enim·
342 1859 408 1924 vim
424 1858 547 1922 hahent
566 1873 600 1922 et
620 1857 768 1922 eamdem
787 1874 957 1921 merentur
972 1856 1081 1922 fidem.
1098 1857 1168 1923 Nec
1183 1859 1242 1948 qui
1257 1858 1311 1924 di·

237 1963 321 2029 versi
340 1979 388 2028 est
407 1963 533 2053 generis
557 1985 633 2026 eum
657 1963 715 2050 qui
740 1961 859 2027 diversi
875 1985 893 2026 a
907 1985 942 2027 se
962 1963 1089 2051 generis
1109 1981 1309 2042 senensem,

236 2068 420 2134 examinare
436 2067 538 2150 valet5
557 2089 660 2156 quum
678 2067 812 2132 diversae
835 2069 883 2134 rei
901 2069 1037 2157 quilibet
1057 2091 1171 2134 sensus
1191 2069 1236 2134 sit
1253 2072 1311 2151 ju·

237 2174 317 2240 dex:
333 2195 400 2236 non
416 2173 504 2236 enim
521 2171 657 2237 odorem
666 2171 824 2252 judicabit
834 2172 940 2256 visus,
954 2197 1061 2262 neque
1076 2175 1179 2259 ratio,
1199 2177 1310 2240 omnis

235 2280 328 2344 enim
344 2277 426 2342 rstio
440 2299 479 2341 ex
494 2276 671 2366 phantasiis
686 2277 815 2366 pendet.
844 2277 913 2342 Nec
933 2279 1100 2367 phantasia
1121 2302 1187 2345 una
1211 2281 1312 2346 aliam

237 2383 430 2466 consincct3
458 2402 551 2470 aeque
576 2383 663 2446 enim
682 2383 836 2448 omnihus
857 2383 1065 2451 attendimus.
1087 2385 1312 2452 confirmatur

237 2491 335 2555 ctiam
352 2511 508 2554 sensuum
524 2489 639 2554 veritas
658 2505 691 2553 et
706 2488 786 2554 fides
801 2511 841 2554 ex
856 2513 918 2567 eo,
941 2490 1032 2579 quod
1047 2513 1202 2557 sensuum
1217 2493 1311 2584 ipso-

237 2617 313 2662 rum
331 2595 519 2673 affectiones
530 2595 701 2658 manifesto
716 2596 780 2659 sint
795 2591 891 2684 atque
907 2595 1094 2663 subsistant.
1112 2597 1203 2662 Sicut
1218 2600 1310 2666 enim

239 2723 308 2766 non
323 2717 432 2790 potest
447 2701 555 2790 ipsum
572 2698 677 2764 dolere
690 2721 775 2784 esse,
792 2717 825 2766 et
840 2723 907 2766 non
921 2723 991 2766 esse
1003 2700 1038 2765 id
1056 2701 1146 2791 quod
1159 2703 1311 2772 dolorem

240 2805 358 2888 infert,
382 2803 439 2869 sed
456 2804 634 2870 necessario
661 2805 760 2868 ambo
786 2807 884 2870 simul
904 2823 998 2888 sunt3
1016 2805 1061 2871 ita
1077 2830 1180 2896 quum
1196 2809 1311 2877 videre

240 2933 301 2976 nos
319 2926 352 2975 et
363 2911 476 2976 audire
490 2911 698 3000 perspicuum
715 2911 777 2993 sit,
794 2913 855 2978 erit
869 2912 965 2977 etiam
979 2928 1012 2976 ct
1024 2911 1059 2977 id
1074 2913 1164 3002 quod
1178 2915 1312 2982 videtur

240 3033 273 3081 et
288 3016 379 3106 quod
395 3015 557 3081 auditur».

285 3122 338 3189 80.
361 3122 447 3189 Sunt
468 3122 567 3213 igitur
593 3121 735 3210 Epicuro
759 3143 874 3189 omnes
897 3145 1011 3190 sensus
1037 3126 1161 3192 veriet
1190 3149 1308 3196 omnes

240 3227 415 3315 phantasiis
429 3251 527 3310 veroe,
545 3227 714 3316 opiniones
733 3251 800 3294 non
817 3229 918 3294 item:
935 3221 1002 3294 aliae
1016 3231 1103 3295 enim
1117 3255 1198 3296 verae
1209 3252 1308 3322 sunt,

242 3333 310 3396 alias
329 3331 424 3396 falsae.
442 3333 495 3396 Ait
509 3332 617 3414 enim,
643 3333 823 3421 unicuique
839 3334 1013 3422 phantasiae
1031 3333 1164 3426 adjungi
1180 3339 1309 3420 statim,

241 3457 379 3524 eantque
394 3459 412 3500 e
427 3438 563 3526 vestigio
574 3437 731 3526 consequi
740 3438 928 3526 opinionem
938 3489 947 3522 ,
958 3459 1055 3529 quam
1064 3447 1139 3516 δόξαν
1149 3454 1309 3527 esttenete

240 3557 372 3624 vocant,
384 3564 448 3630 qua
463 3541 610 3606 videlicet
622 3543 728 3608 visum
746 3543 854 3632 ipsum
870 3545 910 3608 ab
928 3547 981 3611 ilia
997 3548 1049 3611 vel
1062 3547 1115 3613 illa
1131 3571 1167 3613 re
1179 3549 1310 3614 immis-

241 3669 315 3712 sum
331 3646 419 3736 apud
430 3668 489 3712 nos
507 3649 689 3714 statuimus.
706 3649 904 3738 Opinionem
918 3674 996 3742 ergo
1011 3651 1096 3717 hanc
1117 3669 1215 3743 atque
1238 3657 1309 3720 cxi-

241 3753 458 3818 stintationem
470 3775 538 3817 esse
547 3775 615 3820 eam
630 3803 639 3838 ,
656 3777 728 3848 quse
740 3757 884 3840 fallatur,
899 3780 998 3847 quam
1010 3782 1112 3848 quum
1121 3760 1162 3823 ab
1177 3759 1310 3826 eviden-

237 3859 282 3922 tia
304 3880 341 3922 ac
368 3859 452 3922 illata
475 3881 550 3922 vera
570 3859 736 3947 phantasia
755 3859 953 3953 distinguere
982 3863 1182 3949 nesciamus,
1206 3865 1310 3955 ipsius

273 4088 313 4155 (t)
329 4093 359 4142 fn
368 4093 495 4157 Epicuro,
506 4089 551 4143 lib.
565 4093 603 4156 X,
617 4104 675 4144 tect.
691 4095 722 4144 31
738 4105 763 4144 et
774 4097 817 4145 32.
