2776 4688
5 205 11 340 l

308 379 347 447 Ρ.
374 379 617 451 VALENTIAE
641 381 922 454 ACADEMICA.
1105 389 1147 471 dt

129 498 171 566 15.
190 499 395 564 «criterium
405 500 515 589 igitur,
527 501 635 590 inquit
645 503 761 568 Sextus
772 503 836 590 (1),
853 505 1007 595 Scepticae
1022 505 1154 572 institu-

85 607 171 672 tionis
188 605 336 670 dicimus
352 626 440 686 esse,
457 604 494 668 id
509 606 597 693 quod
609 623 741 697 apparet
758 633 770 672 .·
788 609 878 698 quod
898 610 1033 700 perinde
1051 629 1099 677 est
1115 637 1153 678 ac

83 713 316 802 siplantast'am
326 709 703 795 dicamus.'Quum.eni1n
713 716 1151 804 persuasionemetcoactam

80 820 263 908 passionem
285 817 418 900 afferat,
444 817 565 908 ambigi
588 817 629 883 de
656 841 693 884 ca
719 843 786 884 non
809 839 927 910 potest.
946 826 1064 913 'Itaque
1087 826 1151 890 hoc
1195 803 1197 810 ,

80 924 232 1012 quidem,
249 925 409 990 nimirum
427 923 493 988 tale
506 941 563 989 aut
580 924 642 989 tale
654 945 810 1016 apparere
822 927 930 1016 ipsum
948 929 1152 1012 subjectum,

80 1052 174 1096 nemo
193 1030 336 1094 lomsse
356 1026 548 1094 indubium
562 1045 684 1093 vocat:
709 1028 766 1118 sed
787 1029 829 1095 de
852 1033 917 1098 hoc
939 1033 1088 1100 videlicet
1110 1059 1152 1100 an

81 1135 139 1200 tale
167 1135 234 1217 sit,
270 1135 369 1222 quale
395 1149 543 1224 apparet,
570 1135 755 1225 ambigitur.
785 1137 1026 1226 Appnneutibus
1054 1141 1153 1231 igitur

5 1281 6 1300 .
80 1241 347 1330 acquiescentes,
376 1262 413 1305 ea
445 1262 517 1328 quc
547 1239 590 1304 ad
621 1242 721 1304 vitam
749 1263 960 1308 communem
989 1247 1154 1333 pertinent

79 1346 304 1430 observando,
321 1346 509 1435 opinatione
527 1345 620 1410 omui
641 1345 734 1410 liberi
754 1348 892 1414 vivimus
913 1351 1022 1438 aquia
1043 1353 1153 1417 omnis

79 1452 214 1516 actionis
226 1473 366 1541 prorsus
377 1467 523 1540 expertes
535 1473 684 1516 essenon
699 1473 884 1541 possumus.¹
894 1454 1034 1520 Videtur
1044 1473 1151 1522 autem

5 1633 7 1650 ἱ
80 1559 145 1624 bec
156 1559 347 1628 observatio
361 1581 494 1640 eorum,
510 1580 582 1646 qum
593 1556 634 1622 ad
648 1558 748 1622 vitam
764 1581 973 1626 communem
986 1579 1151 1651 spectant,

80 1663 286 1755 quadruplex
302 1687 394 1746 csse,
409 1681 442 1730 et
455 1665 574 1754 partim
591 1665 626 1729 in
641 1665 779 1729 naturali
794 1667 1009 1732 instructione
1020 1669 1149 1751 versasi,

79 1775 194 1862 pas-tim
212 1774 250 1837 in
270 1773 414 1863 impulsu
433 1789 467 1838 et
486 1787 600 1838 coactu
618 1772 822 1862 passionum,
842 1773 1012 1862 partimin
1031 1777 1152 1840 consti·

79 1879 206 1944 unione
238 1880 350 1970 legum
380 1895 413 1944 ct
443 1876 742 1960 consuetudinum,
770 1879 888 1968 partim
919 1881 952 1944 in
982 1881 1154 1946 traditione

79 1987 196 2052 attium
206 2009 215 2052 ε
226 1987 439 2052 Instructione
450 1985 597 2068 natutali,
611 2007 780 2074 perquam
792 2009 812 2050 a
824 2001 939 2052 natura
949 2003 984 2052 et
996 2009 1153 2053 sensuum

80 2108 111 2157 et
130 2092 320 2158 intellectus
342 2093 492 2158 facultate
508 2091 636 2181 pnaediti
657 2115 771 2157 snmus
783 2117 792 2174 ς
805 2093 994 2164 Passtbnum
1014 2110 1152 2176 coactu,

81 2223 144 2287 quo
167 2199 208 2265 fit
231 2215 272 2264 ut
292 2200 394 2264 fames
417 2199 459 2264 ad
478 2199 586 2264 cibum
608 2221 670 2263 nos
685 2198 843 2280 deducat,
865 2201 933 2265 sitis
953 2200 995 2266 ad
1017 2217 1152 2288 potum;

80 2305 200 2395 legum
221 2323 256 2372 et
275 2329 397 2370 morum
417 2301 669 2386 constitutione,
687 2327 759 2394 quse
782 2306 859 2371 facit
875 2320 914 2370 ut
932 2306 986 2395 pie
1004 2321 1098 2394 agere
1118 2305 1152 2368 in

79 2413 141 2478 vita
164 2410 360 2494 communi,
381 2413 508 2478 bonum
534 2435 740 2494 censeamus3
762 2412 862 2501 impie
878 2435 990 2502 agere,
1009 2412 1152 2492 malum3
1211 2495 1214 2503 ,

80 2519 207 2583 Arciam
227 2517 420 2600 naditione,
443 2541 502 2609 per
521 2541 619 2606 quam
638 2541 705 2583 non
725 2518 855 2584 inutiles
876 2533 909 2582 et
925 2519 1021 2582 otiosi
1040 2539 1153 2583 sumus

80 2624 111 2686 in
126 2623 168 2688 iis
182 2647 260 2712 quae
276 2624 373 2688 uobis
389 2623 565 2690 traduntur
576 2625 711 2689 artibus.
726 2625 804 2690 Haec
821 2640 931 2690 autem
947 2624 1058 2688 omnia
1074 2623 1154 2688 citra

78 2731 305 2819 opinationem
322 2729 492 2794 dicimus.»
507 2731 584 2794 lloec
598 2731 725 2795 Sextus.

125 2837 177 2902 16.
195 2835 313 2918 Quum
326 2851 436 2900 autem
452 2835 618 2923 Scepticus
630 2834 672 2900 de
686 2836 864 2924 questione
879 2835 986 2922 aliqua
1000 2849 1153 2923 rogatur,

81 2943 139 3007 illis
155 2942 286 3024 verbis,
304 2941 424 3030 quibus
445 2941 538 3030 quasi
558 2940 747 3006 cautionum
765 2941 914 3006 formulis
936 2941 1053 3023 utitur,
1072 2941 1156 3006 solet
1279 3008 1284 3024 ,

80 3047 487 3138 responderezlemspsn
508 3045 630 3129 idest,
652 3045 743 3131 Quid
765 3047 963 3136 respondere
986 3061 1152 3134 oporteat,

80 3177 184 3244 quum
196 3153 350 3219 noudum
360 3167 565 3242 compertum
575 3153 728 3236 habeam,
742 3175 851 3241 quaero
861 3167 960 3239 atquc
969 3149 1154 3216 considero.
1242 3147 1246 3156 '

5 3285 7 3294 ’
81 3259 186 3340 istzo,
205 3260 240 3326 id
258 3277 324 3342 est,
340 3261 560 3323 Assenttbnem
573 3261 721 3324 sustineo.
737 3263 815 3321 otiis
832 3267 918 3338 ὁρίζω,
933 3254 966 3320 id
983 3271 1046 3338 est,
1063 3255 1158 3321 Nihil

80 3369 219 3456 defleto,
235 3390 378 3456 namque
393 3368 504 3432 omnia
523 3381 601 3432 sunt
618 3379 720 3448 ἁάριςμ,
737 3364 854 3446 idest,
872 3363 1050 3452 indefinita.
1072 3369 1155 3432 ostis

82 3489 190 3557 passv,
211 3475 245 3540 id
267 3489 333 3558 cst,
354 3474 465 3542 Nihilo
484 3477 604 3564 magis,
622 3475 688 3540 boc
707 3473 858 3540 videlicet
875 3489 925 3538 est
946 3463 1044 3561 quam
1063 3469 1155 3538 illud.

80 3591 164 3647 Παντὶ
178 3593 244 3664 λόγῳ
261 3593 332 3664 λόγος
344 3585 396 3655 ἶσος
412 3593 560 3660 benten,
573 3580 684 3664 idest,
697 3581 821 3647 «Omni
835 3581 978 3646 sermoni
990 3595 1024 3644 et
1037 3578 1155 3643 rationi

82 3690 165 3753 ratio
184 3687 246 3752 alia
263 3687 394 3776 oeqnmlis
412 3688 550 3753 obstat».
568 3687 754 3753 Utebantur
772 3703 804 3752 et
824 3685 892 3750 aliis
908 3685 1068 3749 similibus
1086 3684 1155 3748 for·

82 3793 197 3877 mulis,
212 3817 291 3882 quas
305 3815 421 3858 omues
437 3794 629 3882 illarumque
645 3792 905 3882 explanationem
920 3815 961 3856 cx
972 3791 1043 3881 ipso
1056 3789 1155 3854 Sexto

84 3917 173 3990 petas
186 3901 279 3982 licet,
295 3923 362 3964 una
376 3923 454 3964 cum
470 3900 539 3964 aliis
553 3901 664 3967 multis
678 3899 720 3964 ad
733 3901 818 3965 banc
831 3913 952 3964 sectam
966 3893 1156 3985 pertinenti·
1183 3967 1189 3990 Ι

5 4135 6 4196 j
119 4121 160 4192 (ι)
178 4123 432 4192 &polypo-‚libb
445 4139 500 4191 esp.
511 4139 552 4186 u,
563 4133 622 4175 sect.
634 4139 682 4188 aa,
696 4122 739 4183 23,
751 4128 801 4184 at,
815 4135 900 4187 pam
916 4115 978 4168 et8.
