2764 4688
192 417 196 428 ¹
244 383 312 452 188
597 327 950 452 Excunsusssll.

235 505 388 586 similem,
416 522 454 568 ut
476 503 648 592 exemplari
674 505 883 568 statuebant:
906 500 1023 566 deinde
1045 503 1186 564 visorum
1214 518 1316 588 puta-

234 611 315 674 bant
340 631 408 674 esse
430 607 693 689 distinctionem,
729 607 983 697 respondentem
1018 605 1103 669 illam
1129 627 1242 670 rerum
1273 628 1316 668 ex

235 717 354 806 quibus
370 731 447 779 ortae
464 731 587 796 essent,
603 713 793 797 diversitati,
813 713 959 801 adeoque
974 713 1041 775 visa
1058 727 1130 774 orta
1146 734 1163 773 a
1180 733 1217 773 re
1234 734 1316 774 vera

236 838 269 886 et
292 819 456 909 praesenti,
474 819 597 909 proprii
621 818 743 907 aliquid
766 819 907 898 habere,
931 814 1022 904 quod
1037 815 1162 880 abesset
1183 837 1204 878 a
1228 821 1315 878 vistis

236 927 315 990 ortis
330 927 371 990 ab
389 925 516 989 interna
532 926 639 1013 aliqua
656 947 770 1008 causa3
795 945 898 1012 eaque
914 925 1002 1004 vua,
1026 923 1061 987 in
1084 921 1205 1009 quibus
1227 920 1315 985 illud

236 1032 403 1122 proprium
419 1029 739 1110 animadverteretur,
750 1034 873 1120 peremi
888 1051 993 1119 posse.

282 1139 363 1200 «Hae
376 1135 551 1224 discipline
563 1160 621 1225 per
634 1139 727 1225 plura
743 1135 849 1201 secula
864 1150 1062 1224 propagatae,
1076 1155 1182 1221 neque
1192 1148 1316 1212 auctae,

237 1265 344 1331 neque
366 1243 544 1306 immutatae
567 1261 653 1307 sunt.
673 1243 836 1307 Nimirum
857 1261 1030 1330 percursus
1049 1255 1118 1303 erat
1132 1237 1200 1302 lere
1221 1254 1315 1302 totus

238 1348 524 1437 opinionumque
539 1349 573 1411 in
586 1349 671 1412 hanc
685 1371 754 1412 rem
769 1347 931 1429 caderent,
947 1345 1050 1428 orbis3
1067 1344 1222 1410 exhausta
1236 1367 1315 1408 om·

176 1439 181 1456 ⁸
238 1453 287 1516 nis
304 1452 399 1515 etiarn
415 1450 600 1540 suspicandi
616 1469 649 1517 et
665 1451 809 1543 fingendi
825 1451 984 1516 materies.

178 1565 182 1578 '
280 1557 479 1645 «Postquam
495 1558 774 1646 Peripateticorum
792 1557 936 1622 doctrina
950 1557 985 1620 in
1002 1555 1127 1620 scholas
1140 1554 1228 1618 illata
1245 1571 1316 1636 est,

236 1679 351 1750 praeter
368 1664 442 1728 alias
459 1663 528 1744 ejus
544 1671 671 1752 partes,
688 1664 785 1729 etiarn
803 1663 872 1727 baec
886 1641 930 1726 'de
944 1661 1092 1726 sensibus
1110 1682 1264 1748 perversa
1281 1677 1316 1725 et

238 1766 407 1858 depravata
428 1785 476 1834 est
498 1769 538 1834 ab
565 1769 753 1834 hominibus
778 1767 916 1832 rudibus
938 1767 1120 1844 literarum,
1142 1781 1174 1828 et
1195 1765 1315 1853 lingua

165 1883 170 1892 '
239 1875 426 1939 infantibus.
441 1875 544 1941 abusi
557 1877 644 1940 enim
659 1899 696 1940 ea
718 1891 796 1941 sunt
809 1873 1009 1954 scholastici,
1029 1870 1070 1936 ad
1086 1893 1220 1936 omnem
1234 1895 1317 1936 cau·

239 2003 347 2046 sarum
367 1982 613 2070 explicationem
640 1979 866 2063 evertendam,
890 1997 923 2046 et
944 1980 986 2045 ad
1007 1995 1057 2044 tot
1083 1979 1316 2068 excogitandas

239 2109 350 2150 rerum
367 2087 554 2174 qualitates,
573 2104 657 2176 quot
673 2110 803 2164 earum,
820 2086 861 2151 ad
877 2109 1010 2166 sensus,
1025 2085 1118 2149 variae
1137 2085 1261 2174 species
1280 2102 1316 2150 et

239 2207 348 2256 motus
360 2192 585 2256 allaberentur.
602 2194 755 2257 Proximo
768 2192 899 2256 demum
917 2190 1027 2256 seculo
1044 2189 1184 2254 reditum
1203 2207 1254 2254 est
1270 2190 1315 2254 ad

240 2297 450 2384 physicorum
475 2297 683 2385 antiquorum
710 2296 911 2380 doctrinam,
948 2295 1063 2360 eodem
1086 2294 1152 2360 iere
1170 2295 1315 2384 pristino

242 2402 296 2465 illo
308 2402 423 2467 itinere
434 2419 467 2466 et
481 2425 587 2467 cursu
603 2403 762 2468 Cartesius
774 2403 898 2491 primus
909 2401 987 2483 fuit,
1005 2401 1061 2489 qui
1074 2398 1314 2487 (meditatvl)

240 2507 410 2596 perspicue
420 2507 552 2591 diceret,
561 2508 684 2574 colores
693 2525 726 2573 et
732 2531 843 2590 sonos,
853 2524 887 2572 et
893 2508 1030 2596 reliquas
1042 2508 1225 2595 qualitates,
1241 2531 1312 2572 non

241 2637 350 2678 rerum
359 2617 581 2704 proprietates,
595 2613 652 2680 sed
661 2637 816 2679 sensuum
826 2614 991 2702 animique
999 2629 1107 2677 motus
1118 2635 1197 2676 esse.
1206 2611 1316 2677 Didu-

140 2714 144 2728 '
242 2720 324 2784 etius
343 2720 407 2784 hoc
424 2736 457 2784 et
478 2723 677 2811 explanatius
703 2721 815 2786 docuit
837 2718 1114 2800 Malebranchius,
1141 2719 1235 2799 cujus
1262 2735 1315 2783 est

241 2826 430 2912 praeclarum
441 2827 479 2891 de
490 2828 677 2916 inquientia
690 2829 827 2892 veritate
835 2849 919 2915 opus
933 2848 940 2889 :
954 2825 1012 2888 ubi
1021 2841 1092 2890 toto
1101 2825 1185 2888 libro
1200 2825 1313 2913 primo

241 2929 276 2993 id
291 2931 373 3021 agit,
391 2947 429 2994 ut
445 2931 663 3014 demonstret,
680 2955 748 2995 non
764 2931 930 2996 adrerum
945 2947 1093 2994 naturam
1107 2952 1313 3018 cognoscen-

241 3035 331 3118 dam,
345 3037 401 3102 sed
415 3037 455 3102 ad
471 3039 544 3101 vitae
559 3054 678 3102 nostrae
691 3038 965 3120 incolumitatem,
979 3053 1012 3101 et
1028 3023 1181 3102 utilitates
1195 3059 1313 3102 sensus

242 3143 336 3207 nobis
353 3141 445 3208 datos
461 3166 551 3208 esse:
570 3143 644 3208 ideo
660 3143 730 3207 illos
746 3165 857 3207 rerum
876 3165 943 3208 non
961 3142 1131 3231 qualitates
1145 3145 1312 3224 internas,

243 3248 299 3310 sed
317 3249 456 3313 rationes
472 3250 602 3337 corpori
619 3265 732 3313 nostro
750 3247 957 3324 commodas,
980 3263 1037 3312 aut
1051 3247 1199 3312 adversas
1215 3271 1310 3314 com·

243 3368 432 3419 monstrare.
458 3355 523 3437 Qui
542 3354 676 3443 quidem
693 3354 786 3436 liber,
802 3378 877 3420 cunt
895 3353 1024 3418 duobus
1041 3354 1097 3441 qui
1113 3371 1312 3442 sequuntur,

242 3454 448 3544 dignissimus
462 3477 511 3524 est
526 3462 582 3549 qui
597 3462 734 3550 legatur.
746 3461 903 3526 Praestant
919 3462 1004 3524 enim
1022 3477 1054 3524 et
1068 3460 1180 3524 subtili
1196 3461 1312 3550 dispu-

244 3559 333 3624 tandi
349 3564 486 3646 ratione,
504 3583 537 3629 et
553 3567 706 3654 singulari
722 3567 877 3630 orationis
892 3565 1129 3654 perspicuitate.

287 3669 506 3736 «Sententiam
532 3693 640 3739 autem
665 3675 750 3739 hanc
773 3676 992 3762 maximopere
1007 3673 1243 3738 confirmarunt
1258 3673 1311 3736 in·

242 3783 337 3839 venta
345 3777 451 3864 optica
463 3774 685 3846 Newtoniana.
696 3780 984 3864 Quemadmodum
996 3781 1081 3844 enim
1091 3829 1100 3860 ,
1111 3795 1150 3843 ut
1158 3777 1312 3871 diximus,

243 3882 290 3945 rei
309 3881 422 3945 mediae
443 3883 528 3947 inter
547 3907 660 3952 sensus
684 3889 938 3952 instrumentum
964 3901 997 3949 et
1027 3907 1095 3948 rem
1123 3883 1310 3952 sensibilem

242 3989 664 4070 interjectaeanimadversio
685 3993 834 4056 homines
862 3994 965 4081 prima
987 3990 1121 4055 deduxit
1143 3989 1186 4052 ad
1204 3991 1312 4078 suspi-

242 4093 375 4158 candam
392 4094 565 4183 quamdam
575 4093 867 4162 dissimilitudinem
882 4097 966 4162 inter
977 4106 1113 4174 φαντασίαν
1124 4095 1237 4160 animo
1253 4117 1313 4184 per
