2776 4688
453 327 742 451 rnnrtrros
891 457 895 465 ,
1088 385 1138 478 xj*

65 515 147 574 vett
165 515 206 572 et
224 501 329 572 novis
345 495 531 574 laudandis
546 501 592 574 sd
612 503 760 599 interpr.
778 507 970 576 Ciceronis.
990 509 1124 576 Rerum

67 615 309 688 illustrationis
334 612 591 714 philosophicae
614 617 750 688 nullam
774 640 895 689 curam
918 617 1067 706 habuit3
1089 621 1126 691 et

66 730 215 802 molesta
224 743 279 799 est
291 717 469 826 separatio
485 732 730 804 commentarii
736 730 893 804 Turnebi
904 746 940 804 et
946 731 1127 829 Fabri(1);

65 845 200 942 quippe
217 865 376 940 quorum
392 859 486 916 notae
500 847 539 916 in
554 844 628 918 line
641 860 760 922 textus
777 871 815 918 se
833 848 1037 946 excipiunt,
1049 848 1127 919 lou·

66 960 181 1057 giores
193 981 305 1055 quam
315 983 396 1055 quae
404 962 517 1033 textui
525 961 672 1059 integrm
680 962 838 1060 supponi
845 963 1057 1062 potuissent.
1072 965 1127 1036 Ne

66 1073 268 1170 argumenti
283 1071 431 1170 quidem
448 1071 594 1146 brevem
614 1089 848 1174 conspectum
869 1077 1037 1175 praemisit
1054 1078 1127 1146 Da-

67 1189 183 1259 visius.
193 1190 314 1278 Quam
328 1189 455 1260 iurem
467 1189 632 1262 universe
640 1191 686 1262 de
696 1193 821 1288 quavis
830 1189 1037 1289 philosophi
1046 1213 1126 1289 pra·

66 1303 215 1398 gmstioe
232 1303 529 1400 interpretatione
549 1303 910 1376 monetTiedemanu.
934 1309 1051 1403 (Geist
1065 1306 1129 1376 der

65 1415 196 1514 pelul.
217 1416 357 1489 Portos.
371 1417 438 1488 Th.
457 1423 489 1507 1,
504 1417 686 1517 Marburg.
711 1443 812 1517 1791,
838 1421 916 1492 irs-8
938 1419 1022 1515 maj.
1050 1420 1127 1491 init.

65 1529 197 1627 prael.):
227 1531 414 1610 «Primum
431 1555 505 1603 nou
524 1530 656 1606 sufficit
673 1533 829 1630 propriis
845 1533 1020 1630 cujusque
1041 1533 1123 1631 phi·

66 1676 81 1708 ι
95 1644 238 1742 lotophi
254 1644 374 1718 verbis
386 1647 456 1735 uti,
467 1647 505 1717 in
519 1643 788 1719 conscribendis
807 1649 991 1719 sententiis
1009 1649 1127 1744 cujus·

1 1842 3 1855 Ι
66 1758 205 1844 «lihet;
223 1764 309 1856 quia
325 1757 449 1831 eadem
470 1759 582 1832 verba
600 1762 638 1831 in
656 1761 804 1838 diversis
824 1759 1053 1846 auctoribus,
1073 1763 1127 1831 di-

67 1897 231 1946 «rersum
253 1873 528 1946 tamenltobent
549 1899 719 1946 sensum:
741 1895 877 1946 summa
899 1875 1019 1972 potius
1040 1897 1127 1945 cura
1183 1929 1187 1937 .

65 1985 359 2085 «investigandus
371 1999 424 2058 est
434 1986 589 2058 ambitus
602 1990 827 2085 argumenti,
842 1988 1123 2084 notionumque;

66 2115 128 2170 «et
151 2101 255 2197 quasi
282 2123 419 2171 novum
450 2097 721 2172 vocabularium
741 2099 1031 2200 philosophicum
1059 2098 1125 2171 tihi

66 2214 282 2312 «cujuslibet
289 2237 485 2312 componas
498 2239 644 2287 necesse
653 2214 841 2286 est.1›Coll.
852 2217 952 2312 epist.
963 2219 1126 2311 Wytten·

65 2327 180 2402 bachii
193 2329 270 2402 Cel.
282 2329 328 2400 ad
339 2353 416 2400 von
432 2329 578 2400 Heusde
592 2352 687 2427 spec.
703 2329 857 2415 Platon(
861 2329 909 2423 s),
919 2354 952 2426 p.
960 2333 1124 2400 XXXIV:

64 2448 224 2541 «lupus,
248 2443 427 2542 siquidem
449 2446 498 2514 ita
522 2457 651 2514 natura
675 2459 920 2540 comparatum
945 2459 1017 2532 est,
1040 2457 1081 2515 ut
1100 2471 1125 2514 a

64 2560 204 2630 «verbis
218 2557 337 2630 adres
353 2555 617 2657 proficiendum
635 2559 697 2646 sit,
717 2561 872 2656 primum
890 2559 1040 2630 dictioni
1053 2574 1126 2630 stu-

65 2671 258 2744 «debimus
268 2699 276 2743 ε
288 2670 587 2744 consuetudinem
601 2673 916 2770 scriptoris‚quum
928 2677 966 2744 in
979 2673 1126 2769 singulis

63 2786 230 2877 uerbis,
251 2801 329 2858 tum
357 2789 395 2858 in
418 2792 707 2876 constructione,
735 2790 935 2885 ceterisque
964 2786 1126 2884 pertibus

63 2903 279 2989 sortitionis,
298 2900 443 2999 figuris,
457 2902 660 2990 sententiis,
679 2902 873 2999 exemplis,
891 2905 1125 3000 comparatio·

62 3014 197 3089 «uuus
217 3003 452 3104 notabimus,
467 3013 647 3088 iudicibus
671 3015 979 3114 consignabimus,
997 3031 1039 3088 ut
1061 3041 1126 3115 pa·

62 3146 210 3202 «ratum
227 3130 423 3204 habeamus
440 3131 615 3220 Lexicou,
637 3131 739 3225 cujus
757 3155 828 3229 ope
845 3137 1051 3227 scriptorem
1070 3156 1124 3200 se-

61 3271 171 3318 scum
197 3252 315 3346 ipsum
342 3248 590 3338 conferamus,
608 3261 643 3317 et
665 3271 713 3317 ex
737 3253 814 3342 ipso
831 3249 1125 3340 interpretemur,-

61 3383 172 3456 «quae
189 3364 304 3458 prima
322 3375 359 3433 et
373 3360 566 3434 certissima
584 3361 701 3432 omnis
718 3358 959 3455 intelligentis
977 3375 1031 3430 est
1048 3361 1121 3445 vis,

62 3503 79 3536 α
90 3487 127 3544 et
135 3476 248 3546 totius
259 3475 495 3571 grammaticae
503 3473 808 3572 interpretationis
817 3471 1124 3547 fundamentum»

60 3581 238 3652 Nimirum
255 3595 409 3678 utraque
434 3586 544 3673 ratio,
572 3580 800 3681 grammatica
818 3593 854 3650 et
874 3577 978 3650 realis
1001 3598 1028 3644 s.
1043 3611 1124 3677 πρα-

60 3693 211 3781 γματικὴ,
230 3687 483 3784 conjungenda
502 3704 565 3762 est.

95 3837 134 3900 (1)
151 3832 256 3888 Horum
272 3835 352 3888 Obss.
370 3835 480 3890 selectos
493 3855 543 3891 suo
563 3837 622 3890 loeo
636 3832 817 3894 reddidimus,
839 3832 901 3903 quin
916 3831 1069 3886 videbamus
1080 3853 1122 3887 re·

61 3919 191 3974 centiores
201 3940 246 3974 ees
257 3933 357 3976 temere
369 3923 517 3998 negligere,
534 3936 576 3988 et,
596 3924 650 3976 sive
662 3921 809 3992 arrogantis
828 3937 887 3981 sua,
900 3920 955 3974 sire
968 3921 1125 3993 negligentis

62 4026 115 4059 non
128 4026 180 4081 pro
193 4009 288 4062 merito
299 4009 325 4062 in
342 4027 418 4062 nsum
430 4029 534 4064 vocare.

96 4099 135 4164 (ι)
154 4095 240 4167 Lugd.
254 4097 343 4154 lister.
361 4097 444 4163 1803,
464 4099 522 4152 irs-8
536 4099 597 4170 mnj.
614 4097 660 4167 qui
679 4095 783 4149 libellus
803 4093 831 4146 iu
851 4096 990 4168 superficie
1011 4093 1125 4150 Platonis

62 4181 177 4246 harem,
201 4183 282 4256 ipsius
296 4185 413 4240 doctoris
429 4187 522 4244 fefellit
539 4184 740 4256 indulgentiam.
756 4183 862 4238 Altiorit
876 4193 914 4236 est
927 4181 1058 4253 indaginis
1075 4181 1124 4235 do·

64 4271 147 4326 ctrina
158 4274 277 4328 Platonis
290 4275 484 4350 philosophica,
