2744 4684
240 260 345 349 464.
523 339 525 344 ,
601 259 948 334 promcourunt

241 401 273 449 et
288 385 390 448 levem
400 405 408 447 ε
418 383 478 446 viri
494 403 562 446 non
577 404 662 466 esse,
673 405 780 473 neque
796 383 938 466 exorari,
953 405 1059 472 neque
1073 384 1204 473 placati:
1214 387 1309 450 solos

239 490 397 578 sapientes
409 509 498 571 esse,
517 488 542 552 si
558 485 773 554 distortissimi
792 491 872 572 sint,
886 489 1049 554 'formosos
1063 513 1071 553 ε
1085 491 1112 554 si
1130 491 1310 557 mendicis·

144 581 150 594 ’
240 594 333 675 simi,
352 592 485 659 divites:
500 593 527 656 si
541 594 727 659 servitutem
742 595 897 678 serviant,
914 617 1024 684 reges:
1040 617 1101 660 nos
1116 611 1225 660 autem
1240 597 1309 686 (sic

240 699 317 768 ibid.
342 723 371 766 c.
397 721 440 786 29
460 699 603 789 pergit),
631 702 688 788 qui
712 700 870 789 sapientes
895 722 964 764 non
983 723 1113 784 sumus,
1132 700 1306 791 fugitivos,

238 807 364 872 exsules
374 853 383 888 ‚
392 804 519 887 hostes,
530 805 661 869 insanos
674 803 815 894 denique
828 827 896 870 esse
908 803 1039 870 dicunt:
1054 807 1165 870 omnia
1177 824 1310 895 peecata

236 934 307 978 esse
315 913 404 1000 paria
417 933 424 974 ε
442 932 541 974 omne
550 909 706 974 delictum
720 912 824 976 scelus
838 932 907 976 esse
922 911 1101 976 nefarium:
1116 935 1179 977 nec
1197 913 1308 976 minus

187 1035 189 1044 '
237 1017 427 1106 delinquere
443 1039 540 1099 eum,
563 1017 618 1105 qui
634 1017 753 1106 gallum
771 1017 1000 1108 gallinaceum,
1017 1039 1121 1106 quum
1138 1040 1224 1107 opus
1239 1041 1308 1082 non

239 1123 352 1206 fuerit,
366 1143 464 1211 quam
473 1144 567 1204 eum,
581 1123 638 1210 qui
650 1139 775 1210 patrem
788 1123 1013 1188 suffocaverit:
1029 1122 1212 1211 sapientem
1227 1123 1308 1186 nibil

238 1229 384 1320 opinari,
402 1225 522 1292 nullius
539 1227 586 1291 rei
608 1227 780 1315 poenitere,
799 1227 888 1294 nulla
909 1229 944 1292 in
964 1250 999 1292 re
1013 1227 1095 1312 falli,
1112 1229 1309 1294 seutentiam

238 1353 364 1403 mutare
380 1355 572 1422 numquam.
589 1333 702 1398 Nostri
715 1350 825 1398 autem
838 1334 885 1400 illi
900 1333 1067 1400 aPlatone
1083 1351 1116 1399 et
1133 1334 1309 1400 Aristotele

238 1440 396 1530 moderati
411 1440 561 1505 homines
577 1455 610 1503 et
625 1441 795 1529 temperati
813 1440 925 1523 aiunt,
943 1439 1031 1528 apud
1054 1429 1237 1528 sapientem
1252 1463 1309 1503 va·

238 1550 304 1614 lere
322 1543 496 1634 aliquando
522 1545 657 1634 gratiam
674 1567 682 1610 :
698 1546 759 1610 viri
781 1545 860 1610 boni
884 1567 953 1618 esse
978 1545 1139 1610 misereri:
1157 1545 1310 1610 distincta

239 1676 355 1744 genera
371 1673 440 1716 esse
456 1649 649 1716 delictorum
666 1667 698 1716 et
716 1651 860 1740 dispares
874 1673 999 1741 poenas:
1011 1649 1184 1742 esseapud
1199 1650 1308 1715 homi-

238 1782 313 1823 nem
330 1773 530 1824 constantem
548 1755 738 1846 ignoscendi
754 1757 864 1822 locum
879 1780 888 1821 ε
903 1758 1012 1846 ipsum
1029 1757 1210 1845 sapientem
1226 1777 1310 1843 saepe

237 1862 359 1952 aliquid
375 1861 518 1950 opinari,
531 1861 622 1950 quod
634 1862 772 1926 nesciat:
785 1861 877 1926 irasci
894 1884 1167 1949 nonnumquam:
1183 1861 1311 1926 exorari

239 1967 391 2033 eumdem
410 1985 443 2032 et
458 1967 594 2056 placari:
612 1966 704 2055 quod
722 1965 855 2051 dixerit,
872 1965 1053 2048 interdum,
1072 1968 1100 2030 si
1119 1967 1165 2030 ita
1189 1967 1310 2030 rectius

239 2075 300 2158 sit,
318 2089 461 2138 mutare:
481 2070 522 2137 de
541 2072 700 2136 sententia
719 2071 876 2138 decedere
894 2070 1070 2161 aliquando
1085 2094 1094 2136 τ
1111 2093 1228 2136 omnes
1246 2071 1311 2134 vir-

238 2177 561 2254 tutesmediocritate
579 2176 718 2266 quadam
734 2202 805 2244 esse
818 2178 1009 2244 moderatas.
1023 2179 1083 2243 lllo
1101 2178 1203 2268 igitur
1214 2177 1310 2260 loco,

238 2310 342 2376 quum
358 2283 446 2372 apud
461 2285 628 2374 imperitos
645 2284 821 2350 dicendum
838 2301 931 2368 esset,
946 2301 980 2350 et
994 2285 1029 2348 L.
1038 2284 1227 2365 Murenam,
1245 2284 1310 2347 Ca-

238 2409 316 2458 tone
335 2406 522 2472 accusante,
540 2387 745 2472 defenderet,
768 2391 891 2472 acrius,
911 2405 949 2454 ut
974 2388 1127 2470 decebat,
1151 2383 1310 2476 loquens,

237 2501 307 2564 haec
323 2497 507 2562 Stoicorum
523 2495 684 2584 paradoxa
700 2518 759 2584 per
772 2518 807 2561 se
823 2518 890 2560 non
905 2495 1070 2584 probarit,
1086 2493 1145 2558 sed
1160 2493 1312 2560 modera-

122 2675 128 2686 ,
237 2605 334 2670 tiores
343 2603 404 2668 illis
416 2601 591 2666 sententias
606 2602 771 2690 opposuit.
787 2600 944 2665 Subtilius
954 2599 1067 2664 Cicero
1080 2598 1120 2664 de
1135 2597 1254 2664 iisdem
1264 2622 1310 2662 re-

238 2712 301 2775 bus
317 2707 480 2798 agendum
492 2729 561 2772 esse
572 2705 670 2788 dicit,
684 2729 787 2796 quum
800 2707 841 2772 de
855 2706 961 2771 Finib.
972 2705 1028 2789 lv,
1042 2729 1095 2794 27,
1104 2705 1147 2770 ad
1163 2727 1218 2788 ea,
1235 2729 1310 2794 quse

237 2819 317 2883 Cato
332 2814 409 2880 ibid.
428 2813 493 2895 111,
506 2811 612 2895 15,de
618 2811 862 2878 admirabilibus
871 2812 941 2876 istis
958 2809 1095 2894 dixerat,
1108 2808 1307 2899 respondere

238 2921 370 2988 deberet
384 2917 598 3008 philosophus
615 2941 698 3008 aegre
713 2917 836 3000 ferens,
848 2939 888 2982 ex
902 2917 1023 2982 virtute
1031 2917 1131 2980 vitam
1144 2914 1304 3004 fingentes

238 3028 404 3114 aciemque
411 3026 596 3090 animorum
602 3024 729 3088 virtutis
735 3022 907 3112 splendore
912 3023 1174 3113 praestringentes
1182 3020 1304 3085 Stoicos

238 3133 425 3197 nominibus
442 3131 490 3196 uti
510 3130 567 3213 iis,
585 3152 657 3219 quae
673 3130 777 3219 prima
798 3129 903 3218 specie
919 3127 1185 3209 admirationem,
1199 3149 1235 3190 re
1252 3148 1304 3189 er-

237 3239 369 3325 plicata,
384 3238 487 3305 risum
504 3252 690 3318 morerent5
707 3233 904 3322 eosdemque
926 3233 1042 3298 usitata
1058 3229 1157 3297 verba
1173 3247 1232 3296 aut
1250 3229 1304 3294 de·

240 3364 361 3424 serere,
380 3359 436 3406 aut
454 3359 568 3407 contra
585 3363 793 3406 communem
810 3341 999 3430 opinionem
1015 3356 1049 3403 et
1066 3339 1250 3402 orationem
1266 3335 1303 3400 ab

239 3447 378 3512 externis
395 3447 491 3512 rebus
506 3447 547 3512 ad
564 3447 752 3538 sapientiam
770 3446 905 3528 referre3
924 3443 1095 3510 subductis
1111 3441 1247 3530 quidem
1263 3465 1305 3504 re·

238 3575 314 3619 rum
336 3551 463 3619 illarum
480 3553 734 3644 expetendarum
752 3551 991 3635 fundamentis,
1006 3567 1045 3614 ut
1063 3573 1157 3632 eum,
1175 3547 1306 3636 quirin

239 3675 344 3723 tutem
369 3655 503 3745 adeptus
522 3660 579 3742 sit,
597 3659 680 3724 nihil
698 3674 851 3746 praeterea
876 3657 977 3720 velint
1000 3653 1196 3721 desiderare.
1222 3653 1305 3716 Tum

241 3764 337 3828 etiam
354 3785 413 3851 per
427 3763 535 3828 brevia
548 3787 603 3830 eos
616 3763 662 3853 (ι)
679 3781 711 3828 et
724 3779 817 3828 acuta
826 3761 1020 3828 concludere
1036 3759 1164 3848 sibique
1180 3779 1306 3823 sumere

273 3911 311 3974 (r)
328 3907 392 3962 llaec
405 3911 501 3970 brevia,
516 3909 612 3962 Stoicis
624 3913 776 3962 centenaria
793 3908 942 3982 appellata,
964 3905 1052 3979 quum
1068 3903 1159 3958 omnia
1177 3903 1305 3958 Catonem

239 3989 404 4048 delectabant
425 3990 499 4058 (vid.
513 3990 547 4046 de
562 3991 620 4046 Fin.
634 3993 691 4060 111,
713 4013 739 4064 7,
757 3983 823 4048 eiu.
834 3995 857 4064 ),
872 4005 929 4046 tum
943 3991 1062 4064 primunt
1074 3985 1143 4041 illud
1151 4027 1161 4056 ‚
1179 4005 1235 4060 qno
1249 3984 1304 4038 Cic.
