2762 4682
244 375 310 448 130
578 381 625 448 Μ.
649 379 688 448 Τ.
717 375 964 449 CICERONIS
985 379 989 388 '

237 511 340 570 rum⁷
356 499 523 588 nomina,
545 523 695 598 genera,
717 498 856 588 officia,
876 522 998 572 causas
1018 500 1207 598 aperuisti3
1226 499 1305 598 plu-

239 614 445 708 rimumque
458 610 574 708 poetis
587 615 719 682 nostris
727 605 755 700 ⁸,
768 613 992 707 omninoque
1006 610 1126 682 latinia
1140 625 1177 682 et
1191 610 1306 683 literis

240 718 386 792 luminis
410 719 577 808 attulisti,
604 735 641 792 et
677 720 845 792 verbise:
865 735 974 816 atque
1002 707 1078 819 ipse
1100 723 1244 794 varium
1269 735 1306 792 et

240 829 404 928 elegans,
424 831 523 901 omni
536 828 610 902 lere
626 855 777 903 numero
790 842 833 918 ¹⁰,
849 855 977 930 poema
994 830 1129 920 lecisti3
1143 832 1308 930 philoso-

240 939 435 1038 phiamque
457 941 579 1012 multis
594 942 681 1012 locis
697 940 891 1030 inchoasti,
911 941 956 1012 ad
973 941 1237 1041 impellendum
1255 967 1308 1014 sa·

86 1075 88 1080 ’
190 1085 223 1122 10
239 1052 302 1136 tis,
316 1049 362 1121 ad
376 1050 601 1122 edocendum
616 1076 745 1148 parom
759 1063 800 1122 ¹¹.
820 1057 969 1124 Causam
989 1067 1110 1124 autem
1129 1051 1309 1151 probabi·

240 1160 311 1232 lem
326 1175 366 1231 tn
381 1159 529 1258 quidem
546 1159 652 1232 affers
669 1189 676 1232 :
696 1175 757 1232 aut
771 1162 868 1232 euim
883 1166 1006 1233 Graeca
1019 1161 1135 1259 legere
1152 1163 1311 1250 malent,

240 1272 429 1368 quierunt
446 1270 599 1357 eruditi3
617 1284 680 1342 aut
697 1295 744 1342 ne
765 1270 841 1342 haec
858 1271 1004 1368 quidem
1018 1281 1060 1359 ¹²,
1078 1274 1143 1369 qui
1161 1271 1223 1344 illa
1245 1297 1312 1345 ne·

240 1383 368 1451 sciunt.
395 1379 465 1451 Sed
491 1379 538 1451 da
561 1379 650 1451 mihi
672 1376 811 1452 nnnc¹³
832 1407 840 1450 :
865 1382 995 1454 satisne
1014 1381 1170 1480 probas?
1189 1386 1314 1455 Immo

278 1598 301 1642 7.
320 1583 353 1629 lle
363 1581 470 1630 omnium
480 1581 616 1630 dr'einarnm
628 1581 751 1646 lamana-
794 1582 873 1646 tibur,
883 1593 975 1631 rectum
982 1581 1088 1648 potiori,
1101 1581 1244 1647 premisso,
1252 1581 1316 1632 addi

241 1675 342 1725 mmqne
359 1677 382 1710 r.
400 1658 494 1709 Dianae
512 1673 623 1725 apeetaut
644 1661 676 1710 ad
693 1677 752 1725 pre·
794 1661 945 1713 tolere.Vial.
956 1663 1018 1712 Cato
1031 1662 1091 1722 Mai.
1109 1662 1155 1720 13,
1170 1663 1205 1717 45
1213 1677 1220 1724 ;
1234 1663 1316 1711 Tuae.

241 1740 461 1789 cedd.«uerorum
470 1740 750 1805 sacerdotumquejura·
795 1743 820 1798 1,
835 1741 936 1803 tnta.
951 1745 999 1790 Pro
1018 1739 1100 1790 verbt's
1114 1743 1141 1790 Ρ.
1156 1743 1227 1789 Mau.
1239 1743 1317 1790 rebus

235 1817 287 1883 (aie
298 1820 362 1868 euim
365 1819 428 1884 jura
435 1819 468 1867 ad
477 1831 605 1884 utrumque
615 1819 751 1868 referenda:
795 1819 892 1878 suadet,
901 1820 969 1885 quod
979 1821 1078 1880 mipime
1087 1819 1178 1884 prohat
1187 1821 1258 1869 Goer.

149 1925 158 1936 ν
242 1898 399 1962 quodquam
417 1915 462 1946 neo
477 1900 577 1958 scribae,
592 1915 670 1964 neque
683 1901 752 1946 Lam-
834 1913 873 1946 ro.
888 1900 962 1948 Omni
965 1899 1025 1965 fhre
1034 1913 1152 1956 „numer-o.
1172 1898 1249 1947 Omni
1264 1899 1319 1949 fere

241 1963 315 2025 binus
324 1976 447 2036 viderent,
461 1991 562 2025 munera
572 1989 629 2042 poet
641 1978 752 2027 sacerdo·
796 1991 881 2041 genere
894 1993 994 2028 νει-επις
1008 1995 1064 2027 uam
1075 1979 1179 2027 mixtum
1190 1989 1242 2026 erat
1260 1995 1318 2028 ear-

243 2067 294 2104 tum
320 2053 510 2119 addiderunt):
548 2057 661 2106 hnmanae
685 2074 753 2106 eoru-
796 2057 889 2105 minum
903 2059 1073 2118 varietate‚ut
1084 2057 1257 2122 Quintilianus
1270 2060 1318 2108 ait.

223 2177 225 2182 .
243 2136 385 2200 plectuntur
397 2135 498 2199 reliqua,
506 2139 546 2185 Ex
557 2137 596 2185 hia
607 2149 686 2186 antem
696 2137 753 2185 satia
796 2135 880 2185 Tuan.

244 2214 308 2264 clare
325 2213 484 2277 intelligitur,
497 2227 620 2265 auctorem
638 2218 670 2265 ad
688 2216 754 2264 aoloa
835 2230 877 2264 rt.
905 2215 950 2263 Ad
971 2215 1120 2264 edocendam
1139 2231 1244 2281 parum.
1276 2216 1320 2266 Sic

244 2295 361 2342 Varronia
367 2294 538 2358 antiquitatum
544 2295 620 2344 libros
627 2296 755 2360 respicere,
797 2304 876 2354 reete,
891 2293 947 2342 loeo
961 2295 1020 2343 olim
1033 2295 1141 2358 vulgati,
1155 2295 1316 2356 docendum,

245 2374 337 2438 quippe
348 2389 422 2438 quoe,
433 2387 535 2423 nurnero
547 2378 619 2438 XLI,
633 2392 663 2424 eo
676 2385 755 2423 tamen
797 2372 890 2421 c'ditum
899 2390 963 2432 ease,
973 2374 1013 2423 vel
1022 2386 1070 2423 trea
1077 2391 1187 2424 meorum
1195 2376 1319 2440 probant.

245 2451 331 2500 ordine
350 2452 491 2517 scripserit,
516 2465 545 2503 ut
565 2455 660 2518 priorea
680 2456 755 2503 XXV
798 2453 1153 2503 Communeeuinreoribarum
1164 2455 1253 2503 vitium
1265 2467 1319 2516 eat,

246 2529 374 2591 hamanis,
393 2531 499 2596 reliquo·
519 2533 605 2582 dionis
628 2536 697 2582 rebus
712 2533 756 2581 ad·
798 2541 827 2580 ut
838 2533 911 2581 verba
925 2535 1060 2598 eompoaita
1075 2534 1188 2592 «emori,
1204 2535 1320 2593 elevare,

246 2610 406 2660 dioeret.Vid.
414 2613 517 2675 August.
524 2614 577 2663 Cir,
582 2613 685 2674 DeiVI,
693 2609 756 2662 ³.G.
800 2611 894 2675 eloqui,
907 2611 1008 2660 edocete
1018 2633 1029 2655 ι
1042 2613 1068 2660 in
1077 2613 1198 2678 simplicia
1210 2624 1321 2664 mutent.

282 2692 307 2739 8.
320 2689 582 2756 Plurimumqnepoetia
590 2691 684 2742 nostris.
696 2691 758 2740 Scri·
800 2689 961 2738 Sioemonere
969 2703 1039 2755 pane
1049 2707 1150 2758 proraua
1160 2693 1270 2742 evanuit.
1287 2695 1321 2742 G.

245 2769 285 2834 pti
296 2769 434 2834 complurea
446 2784 497 2816 uon
507 2769 758 2834 plnrimnmqne‚aed
840 2783 881 2815 aa.
904 2770 956 2816 Aut
974 2785 1007 2816 ne
1024 2769 1083 2818 liceo·
1100 2769 1207 2834 quidem.
1232 2771 1320 2820 Codd.

242 2849 281 2913 pl.
295 2848 391 2912 quidem
405 2848 516 2912 praebent
532 2863 539 2897 ι
560 2851 585 2897 in
607 2850 697 2912 quibua
710 2861 758 2900 trea
801 2847 908 2912 aditique
920 2859 979 2896 vett.
994 2848 1105 2912 plerique
1117 2865 1204 2897 omuea
1216 2849 1265 2897 hoe
1279 2867 1321 2899 re·

248 2930 348 2976 Oxonn.
359 2927 508 2991 totidemque
519 2929 577 2977 mei.
588 2929 637 2978 Sed
646 2931 759 2980 librarios
801 2928 897 2984 seruum
912 2927 995 2991 quoti,
1011 2943 1167 2993 quocumque
1185 2927 1263 2977 morlo
1279 2929 1324 2979 tle-

248 3008 275 3055 in
283 3008 347 3056 haue
355 3023 416 3072 qne,
425 3007 628 3072 continuativam,
635 3010 759 3058 rarimode
802 3005 908 3054 lauderis
917 3040 925 3067 ,
935 3007 998 3055 nihil
1009 3007 1063 3056 erit.
1079 3009 1111 3055 G.

249 3089 366 3151 marari,
379 3087 518 3136 notavimus
535 3087 567 3137 ad
579 3091 653 3154 Legg.
671 3093 711 3152 11,
728 3091 759 3150 Β,
841 3087 881 3138 1³.
895 3088 945 3134 Sed
950 3087 986 3136 ela
994 3087 1056 3136 miti
1063 3103 1129 3136 nune
1138 3103 1147 3134 .·
1157 3088 1249 3138 satisne
1254 3105 1324 3154 pro·

250 3183 292 3216 ao.
316 3169 394 3231 Igitur
415 3167 478 3216 nihil
495 3183 559 3234 opua
582 3179 630 3228 eat,
653 3180 682 3217 ut
704 3185 760 3217 eum
804 3165 919 3214 barasto
932 3166 1100 3232 vulgo,quod
1113 3177 1142 3215 ut
1156 3155 1322 3230 intelligatur,

250 3247 326 3304 'Iutta
349 3251 421 3296 Grut.
446 3247 527 3295 Davia.
553 3247 654 3312 alliaque
677 3249 760 3296 locum
803 3245 979 3294 admittendum
993 3257 1029 3294 eat
1045 3247 1106 3296 clare
1119 3247 1161 3294 lale
1177 3261 1225 3310 pro
1238 3243 1325 3293 dicere

249 3336 387 3374 tentemur:
400 3327 458 3374 allae
467 3325 579 3374 facillima
593 3329 670 3386 ratio,
681 3349 694 3369 a
704 3327 760 3391 plu·
803 3325 883 3390 poni,
896 3335 923 3374 nt
936 3324 1002 3390 apud
1014 3325 1083 3390 virg.
1099 3323 1166 3373 -Sed
1179 3335 1261 3373 tamen
1276 3325 1325 3373 iate

251 3405 386 3468 fimumque
402 3403 506 3464 idem»,
524 3405 597 3452 soret.
617 3405 664 3454 Sed
681 3417 761 3465 reete,
804 3406 872 3452 Deua
896 3406 939 3468 qui
958 3405 1009 3464 ait,
1029 3403 1071 3463 da,
1090 3406 1189 3468 Tityre,
1212 3403 1290 3452 uobis
1301 3427 1324 3454 ι.

251 3494 341 3547 praeter
350 3482 425 3542 alioa,
437 3483 491 3531 Bae.
502 3492 526 3529 et
537 3482 625 3531 Dteed.
639 3499 686 3549 qne
695 3485 763 3534 exhi·
805 3483 897 3530 Tamen
910 3483 959 3531 hoo
976 3494 1095 3532 contextu
1113 3483 1147 3530 ita
1167 3483 1248 3547 aoeipi
1261 3499 1325 3548 poe·

252 3559 321 3609 beut.
336 3561 368 3609 θ.
806 3579 848 3622 ae,
870 3565 925 3625 jure
946 3566 1083 3628 meritoque
1106 3563 1239 3613 dubitabis.
1261 3567 1327 3626 Ejus

291 3655 315 3701 9.
336 3641 370 3686 Et
386 3638 460 3687 literis
485 3640 581 3688 laminis
599 3639 715 3699 attulisti,
741 3655 766 3692 et
806 3642 864 3691 loeo
873 3643 981 3695 turneb.
993 3655 1018 3692 et
1029 3643 1188 3694 liuhand
1199 3645 1327 3692 earunilti

254 3717 344 3767 neren.
354 3718 485 3783 Sievulgo.
496 3720 599 3768 Goerena
609 3720 650 3768 dat
660 3731 703 3768 aet
712 3721 764 3769 lite·
809 3738 890 3783 uuno,
911 3734 958 3772 ete.
981 3745 992 3766 ι
1003 3725 1083 3787 Quam
1102 3723 1160 3771 leet.
1181 3723 1267 3773 oratu.
1289 3723 1327 3772 aio

255 3801 288 3848 ria
304 3799 416 3858 luminis,
435 3811 460 3848 et
477 3800 558 3848 verbis
576 3799 707 3850 anuliatin.
724 3801 765 3849 Sie
809 3801 1043 3866 aooipit,ntairuul,
1053 3801 1186 3850 «nonsatis
1197 3801 1328 3867 probus,

256 3893 340 3926 omuee
350 3879 764 3946 met,inquinoxonnnavtstiqua
808 3891 893 3929 mutet.
925 3883 954 3930 Ρ.
967 3882 1092 3930 Manatum
1113 3882 1235 3945 proponit
1256 3880 1326 3928 «aed

256 3956 503 4021 eoriptitquamlect.
510 3956 683 4021 praeferendam
692 3971 764 4023 puta-
809 3959 840 4007 da
862 3969 887 4008 te
911 3959 972 4007 milri
996 3976 1099 4020 nune»,
1124 3959 1194 4022 quod
1216 3959 1327 4008 Goereuz

255 4037 421 4102 mua,quippe
429 4035 518 4100 aepiue
526 4037 764 4095 tentatamaeerihie‚
808 4053 859 4102 prae
876 4039 962 4088 oeteria
975 4037 1048 4087 urtice
1061 4037 1158 4104 probat.
1180 4035 1222 4084 Sic
1242 4039 1325 4086 Graeci

156 4146 159 4151 -
254 4114 456 4178 quiremanserat,
475 4113 571 4163 duobus
584 4113 764 4180 aubettregen·
809 4111 907 4168 διδόναι
928 4115 1010 4168 lauria
1024 4133 1084 4179 τινις
1101 4118 1136 4165 aie
1158 4127 1248 4166 auetor
1269 4118 1325 4182 ipae
