<?xml version="1.0" encoding="UTF-8"?>
<!DOCTYPE html PUBLIC "-//W3C//DTD XHTML 1.0 Transitional//EN"
    "http://www.w3.org/TR/xhtml1/DTD/xhtml1-transitional.dtd">
<html xmlns="http://www.w3.org/1999/xhtml" xml:lang="en" lang="en">
 <head>
  <title>
</title>
<meta http-equiv="Content-Type" content="text/html;charset=utf-8" />
  <meta name='ocr-system' content='tesseract 3.04.00' />
  <meta name='ocr-capabilities' content='ocr_page ocr_carea ocr_par ocr_line ocrx_word'/>
</head>
<body>
  <div class='ocr_page' id='page_1' title='image "./mtciceronisquae01lemagoog_0633.png"; bbox 0 0 2786 4674; ppageno 0'>
   <div class='ocr_carea' id='block_1_1' title="bbox 512 349 1141 426">
    <p class='ocr_par' dir='ltr' id='par_1_1' title="bbox 512 349 1141 426">
     <span class='ocr_line' id='line_1_1' title="bbox 512 349 1141 426; baseline 0.005 -4"><span class='ocrx_word' id='word_1_1' title='bbox 512 349 720 424; x_wconf 76' lang='lat' dir='ltr'><strong>TIMAEUs,-</strong></span> <span class='ocrx_word' id='word_1_2' title='bbox 1072 356 1141 426; x_wconf 83' lang='lat'>611·</span> 
     </span>
    </p>
   </div>
   <div class='ocr_carea' id='block_1_2' title="bbox 60 465 1224 4146">
    <p class='ocr_par' dir='ltr' id='par_1_2' title="bbox 60 465 1145 732">
     <span class='ocr_line' id='line_1_2' title="bbox 61 465 1145 548; baseline 0.002 -22"><span class='ocrx_word' id='word_1_3' title='bbox 61 467 174 528; x_wconf 80' lang='lat' dir='ltr'><strong>marim</strong></span> <span class='ocrx_word' id='word_1_4' title='bbox 186 465 349 532; x_wconf 84' lang='lat' dir='ltr'><strong>naturalem</strong></span> <span class='ocrx_word' id='word_1_5' title='bbox 362 466 479 542; x_wconf 81' lang='lat' dir='ltr'><strong>singulis</strong></span> <span class='ocrx_word' id='word_1_6' title='bbox 491 468 616 528; x_wconf 82' lang='lat' dir='ltr'><strong>restituit</strong></span> <span class='ocrx_word' id='word_1_7' title='bbox 630 467 770 540; x_wconf 82' lang='lat' dir='ltr'><strong>habitum,</strong></span> <span class='ocrx_word' id='word_1_8' title='bbox 783 488 871 530; x_wconf 87' lang='lat' dir='ltr'><strong>suave</strong></span> <span class='ocrx_word' id='word_1_9' title='bbox 885 469 1051 548; x_wconf 83' lang='lat' dir='ltr'><strong>hujusmodi</strong></span> <span class='ocrx_word' id='word_1_10' title='bbox 1060 495 1145 536; x_wconf 66' lang='lat' dir='ltr'><strong>omne</strong></span> 
     </span>
     <span class='ocr_line' id='line_1_3' title="bbox 61 557 1143 639; baseline 0.008 -19"><span class='ocrx_word' id='word_1_11' title='bbox 61 563 259 638; x_wconf 81' lang='lat' dir='ltr'><strong>amimrmque</strong></span> <span class='ocrx_word' id='word_1_12' title='bbox 274 571 318 618; x_wconf 83' lang='lat' dir='ltr'><strong>est</strong></span> <span class='ocrx_word' id='word_1_13' title='bbox 331 557 481 634; x_wconf 76' lang='lat' dir='ltr'><strong>omnibus,</strong></span> <span class='ocrx_word' id='word_1_14' title='bbox 496 560 687 620; x_wconf 86' lang='lat' dir='ltr'><strong>violentarum</strong></span> <span class='ocrx_word' id='word_1_15' title='bbox 701 580 818 639; x_wconf 91' lang='lat' dir='ltr'><strong>quoque</strong></span> <span class='ocrx_word' id='word_1_16' title='bbox 827 563 991 638; x_wconf 88' lang='lat' dir='ltr'><strong>passionum</strong></span> <span class='ocrx_word' id='word_1_17' title='bbox 1001 567 1143 630; x_wconf 87' lang='lat' dir='ltr'><strong>medicina</strong></span> 
     </span>
     <span class='ocr_line' id='line_1_4' title="bbox 60 649 654 732; baseline -0.005 -20"><span class='ocrx_word' id='word_1_18' title='bbox 60 667 160 732; x_wconf 83' lang='lat' dir='ltr'><strong>atque</strong></span> <span class='ocrx_word' id='word_1_19' title='bbox 175 652 354 724; x_wconf 88' lang='lat' dir='ltr'><strong>remedium,</strong></span> <span class='ocrx_word' id='word_1_20' title='bbox 370 649 511 729; x_wconf 84' lang='lat' dir='ltr'>dulceque</span> <span class='ocrx_word' id='word_1_21' title='bbox 525 665 654 712; x_wconf 84' lang='lat' dir='ltr'><strong>vocatur.</strong></span> 
     </span>
    </p>

    <p class='ocr_par' dir='ltr' id='par_1_3' title="bbox 62 743 1224 2483">
     <span class='ocr_line' id='line_1_5' title="bbox 102 743 1224 824; baseline 0.005 -17"><span class='ocrx_word' id='word_1_22' title='bbox 102 748 201 807; x_wconf 76' lang='lat' dir='ltr'><strong>Circa</strong></span> <span class='ocrx_word' id='word_1_23' title='bbox 214 745 328 804; x_wconf 86' lang='lat' dir='ltr'><strong>uarium</strong></span> <span class='ocrx_word' id='word_1_24' title='bbox 342 743 401 802; x_wconf 83' lang='lat' dir='ltr'><strong>vim</strong></span> <span class='ocrx_word' id='word_1_25' title='bbox 413 743 524 821; x_wconf 81' lang='lat' dir='ltr'><strong>species</strong></span> <span class='ocrx_word' id='word_1_26' title='bbox 533 764 591 804; x_wconf 92' lang='lat' dir='ltr'><strong>non</strong></span> <span class='ocrx_word' id='word_1_27' title='bbox 603 756 688 804; x_wconf 89' lang='lat' dir='ltr'><strong>sunt:</strong></span> <span class='ocrx_word' id='word_1_28' title='bbox 702 746 856 824; x_wconf 77' lang='lat' dir='ltr'><strong>semigenia</strong></span> <span class='ocrx_word' id='word_1_29' title='bbox 869 748 945 808; x_wconf 89' lang='lat' dir='ltr'><strong>enim</strong></span> <span class='ocrx_word' id='word_1_30' title='bbox 958 749 1082 812; x_wconf 87' lang='lat' dir='ltr'><strong>odorum</strong></span> <span class='ocrx_word' id='word_1_31' title='bbox 1093 774 1145 814; x_wconf 88' lang='lat' dir='ltr'><strong>na·</strong></span> <span class='ocrx_word' id='word_1_32' title='bbox 1220 812 1224 818; x_wconf 87' lang='grc'><strong>,</strong></span> 
     </span>
     <span class='ocr_line' id='line_1_6' title="bbox 62 835 1144 916; baseline 0.006 -18"><span class='ocrx_word' id='word_1_33' title='bbox 62 852 152 898; x_wconf 85' lang='lat' dir='ltr'><strong>tura:</strong></span> <span class='ocrx_word' id='word_1_34' title='bbox 169 837 279 916; x_wconf 88' lang='lat' dir='ltr'><strong>speciei</strong></span> <span class='ocrx_word' id='word_1_35' title='bbox 290 855 360 894; x_wconf 88' lang='lat' dir='ltr'><strong>vero</strong></span> <span class='ocrx_word' id='word_1_36' title='bbox 372 835 444 896; x_wconf 90' lang='lat' dir='ltr'><strong>nulli</strong></span> <span class='ocrx_word' id='word_1_37' title='bbox 455 837 595 914; x_wconf 88' lang='lat' dir='ltr'><strong>competit</strong></span> <span class='ocrx_word' id='word_1_38' title='bbox 606 837 727 896; x_wconf 87' lang='lat' dir='ltr'><strong>odorem</strong></span> <span class='ocrx_word' id='word_1_39' title='bbox 736 837 826 900; x_wconf 89' lang='lat' dir='ltr'><strong>ullum</strong></span> <span class='ocrx_word' id='word_1_40' title='bbox 837 839 961 900; x_wconf 87' lang='lat' dir='ltr'><strong>hebere:</strong></span> <span class='ocrx_word' id='word_1_41' title='bbox 978 843 1029 902; x_wconf 85' lang='lat' dir='ltr'><strong>sed</strong></span> <span class='ocrx_word' id='word_1_42' title='bbox 1039 858 1144 906; x_wconf 77' lang='lat' dir='ltr'><strong>nostra</strong></span> 
     </span>
     <span class='ocr_line' id='line_1_7' title="bbox 62 927 1144 1014; baseline 0.006 -24"><span class='ocrx_word' id='word_1_43' title='bbox 62 932 155 990; x_wconf 86' lang='lat' dir='ltr'><strong>circa</strong></span> <span class='ocrx_word' id='word_1_44' title='bbox 168 931 235 992; x_wconf 70' lang='lat' dir='ltr'><strong>bne</strong></span> <span class='ocrx_word' id='word_1_45' title='bbox 247 949 328 990; x_wconf 80' lang='lat' dir='ltr'><strong>rena:</strong></span> <span class='ocrx_word' id='word_1_46' title='bbox 339 927 376 988; x_wconf 91' lang='lat' dir='ltr'><strong>ad</strong></span> <span class='ocrx_word' id='word_1_47' title='bbox 391 941 475 988; x_wconf 79' lang='lat' dir='ltr'><strong>terrae</strong></span> <span class='ocrx_word' id='word_1_48' title='bbox 487 941 518 986; x_wconf 87' lang='lat' dir='ltr'><strong>et</strong></span> <span class='ocrx_word' id='word_1_49' title='bbox 530 946 613 1006; x_wconf 86' lang='lat' dir='ltr'><strong>equae</strong></span> <span class='ocrx_word' id='word_1_50' title='bbox 625 947 732 1008; x_wconf 80' lang='lat' dir='ltr'><strong>genera</strong></span> <span class='ocrx_word' id='word_1_51' title='bbox 747 932 923 1008; x_wconf 83' lang='lat' dir='ltr'><strong>angustiores</strong></span> <span class='ocrx_word' id='word_1_52' title='bbox 937 947 1014 1006; x_wconf 83' lang='lat' dir='ltr'><strong>sunt,</strong></span> <span class='ocrx_word' id='word_1_53' title='bbox 1024 935 1061 994; x_wconf 90' lang='lat' dir='ltr'><strong>ad</strong></span> <span class='ocrx_word' id='word_1_54' title='bbox 1071 937 1144 1014; x_wconf 82' lang='lat' dir='ltr'><strong>ignis</strong></span> 
     </span>
     <span class='ocr_line' id='line_1_8' title="bbox 65 1021 1142 1102; baseline 0.006 -20"><span class='ocrx_word' id='word_1_55' title='bbox 65 1043 146 1082; x_wconf 86' lang='lat' dir='ltr'><strong>veru</strong></span> <span class='ocrx_word' id='word_1_56' title='bbox 165 1021 301 1100; x_wconf 80' lang='lat' dir='ltr'><strong>aerisque</strong></span> <span class='ocrx_word' id='word_1_57' title='bbox 325 1041 430 1100; x_wconf 80' lang='lat' dir='ltr'><strong>genera</strong></span> <span class='ocrx_word' id='word_1_58' title='bbox 449 1021 585 1082; x_wconf 87' lang='lat' dir='ltr'><strong>latiores:</strong></span> <span class='ocrx_word' id='word_1_59' title='bbox 613 1022 750 1100; x_wconf 73' lang='lat' dir='ltr'>quocirca</span> <span class='ocrx_word' id='word_1_60' title='bbox 765 1042 850 1082; x_wconf 89' lang='lat' dir='ltr'><strong>nemo</strong></span> <span class='ocrx_word' id='word_1_61' title='bbox 871 1043 1008 1102; x_wconf 88' lang='lat' dir='ltr'><strong>umquem</strong></span> <span class='ocrx_word' id='word_1_62' title='bbox 1022 1027 1142 1089; x_wconf 88' lang='lat' dir='ltr'><strong>istorum</strong></span> 
     </span>
     <span class='ocr_line' id='line_1_9' title="bbox 67 1113 1144 1194; baseline 0.002 -18"><span class='ocrx_word' id='word_1_63' title='bbox 67 1117 206 1194; x_wconf 82' lang='lat' dir='ltr'>aliquem</span> <span class='ocrx_word' id='word_1_64' title='bbox 223 1115 312 1174; x_wconf 86' lang='lat' dir='ltr'><strong>sensit</strong></span> <span class='ocrx_word' id='word_1_65' title='bbox 332 1114 472 1174; x_wconf 87' lang='lat' dir='ltr'><strong>odorem:</strong></span> <span class='ocrx_word' id='word_1_66' title='bbox 485 1113 536 1172; x_wconf 85' lang='lat' dir='ltr'><strong>sed</strong></span> <span class='ocrx_word' id='word_1_67' title='bbox 557 1115 587 1172; x_wconf 90' lang='lat' dir='ltr'><strong>in</strong></span> <span class='ocrx_word' id='word_1_68' title='bbox 607 1113 818 1174; x_wconf 81' lang='lat' dir='ltr'><strong>madefactioue</strong></span> <span class='ocrx_word' id='word_1_69' title='bbox 831 1117 1034 1194; x_wconf 83' lang='lat' dir='ltr'><strong>quommdam,</strong></span> <span class='ocrx_word' id='word_1_70' title='bbox 1050 1119 1096 1178; x_wconf 82' lang='lat' dir='ltr'><strong>rel</strong></span> <span class='ocrx_word' id='word_1_71' title='bbox 1105 1120 1144 1178; x_wconf 90' lang='lat' dir='ltr'><strong>li-</strong></span> 
     </span>
     <span class='ocr_line' id='line_1_10' title="bbox 68 1205 1142 1286; baseline 0.001 -20"><span class='ocrx_word' id='word_1_72' title='bbox 68 1208 281 1286; x_wconf 82' lang='lat' dir='ltr'><strong>quelautioue,</strong></span> <span class='ocrx_word' id='word_1_73' title='bbox 294 1206 339 1266; x_wconf 83' lang='lat' dir='ltr'><strong>vel</strong></span> <span class='ocrx_word' id='word_1_74' title='bbox 359 1205 563 1284; x_wconf 74' lang='lat' dir='ltr'><strong>evaporatione</strong></span> <span class='ocrx_word' id='word_1_75' title='bbox 585 1205 743 1284; x_wconf 79' lang='lat' dir='ltr'><strong>gignuntur</strong></span> <span class='ocrx_word' id='word_1_76' title='bbox 761 1205 882 1265; x_wconf 88' lang='lat' dir='ltr'><strong>odores:</strong></span> <span class='ocrx_word' id='word_1_77' title='bbox 902 1228 992 1286; x_wconf 87' lang='lat' dir='ltr'><strong>quum</strong></span> <span class='ocrx_word' id='word_1_78' title='bbox 1014 1211 1090 1272; x_wconf 85' lang='lat' dir='ltr'><strong>euim</strong></span> <span class='ocrx_word' id='word_1_79' title='bbox 1112 1212 1142 1270; x_wconf 89' lang='lat' dir='ltr'><strong>in</strong></span> 
     </span>
     <span class='ocr_line' id='line_1_11' title="bbox 69 1297 1143 1375; baseline 0.004 -15"><span class='ocrx_word' id='word_1_80' title='bbox 69 1319 178 1360; x_wconf 84' lang='lat' dir='ltr'><strong>aerem</strong></span> <span class='ocrx_word' id='word_1_81' title='bbox 201 1317 277 1375; x_wconf 83' lang='lat' dir='ltr'><strong>aqua</strong></span> <span class='ocrx_word' id='word_1_82' title='bbox 297 1297 343 1358; x_wconf 84' lang='lat' dir='ltr'><strong>rel</strong></span> <span class='ocrx_word' id='word_1_83' title='bbox 359 1317 411 1361; x_wconf 88' lang='lat' dir='ltr'><strong>aer</strong></span> <span class='ocrx_word' id='word_1_84' title='bbox 426 1299 457 1356; x_wconf 91' lang='lat' dir='ltr'><strong>in</strong></span> <span class='ocrx_word' id='word_1_85' title='bbox 480 1317 584 1375; x_wconf 88' lang='lat' dir='ltr'><strong>aquam</strong></span> <span class='ocrx_word' id='word_1_86' title='bbox 607 1298 724 1370; x_wconf 81' lang='lat' dir='ltr'><strong>mansit,</strong></span> <span class='ocrx_word' id='word_1_87' title='bbox 743 1299 773 1356; x_wconf 90' lang='lat' dir='ltr'><strong>iu</strong></span> <span class='ocrx_word' id='word_1_88' title='bbox 787 1297 883 1358; x_wconf 88' lang='lat' dir='ltr'><strong>medio</strong></span> <span class='ocrx_word' id='word_1_89' title='bbox 896 1300 1016 1362; x_wconf 86' lang='lat' dir='ltr'><strong>istorum</strong></span> <span class='ocrx_word' id='word_1_90' title='bbox 1037 1303 1143 1366; x_wconf 82' lang='lat' dir='ltr'><strong>odores</strong></span> 
     </span>
     <span class='ocr_line' id='line_1_12' title="bbox 68 1389 1141 1473; baseline 0.004 -21"><span class='ocrx_word' id='word_1_91' title='bbox 68 1395 166 1460; x_wconf 88' lang='lat' dir='ltr'><strong>fiunt,</strong></span> <span class='ocrx_word' id='word_1_92' title='bbox 185 1391 337 1468; x_wconf 82' lang='lat' dir='ltr'><strong>omniaque</strong></span> <span class='ocrx_word' id='word_1_93' title='bbox 350 1389 426 1450; x_wconf 88' lang='lat' dir='ltr'><strong>odor</strong></span> <span class='ocrx_word' id='word_1_94' title='bbox 438 1404 489 1450; x_wconf 85' lang='lat' dir='ltr'><strong>aut</strong></span> <span class='ocrx_word' id='word_1_95' title='bbox 502 1391 597 1450; x_wconf 79' lang='lat' dir='ltr'><strong>fumus</strong></span> <span class='ocrx_word' id='word_1_96' title='bbox 613 1403 668 1463; x_wconf 90' lang='lat' dir='ltr'><strong>est,</strong></span> <span class='ocrx_word' id='word_1_97' title='bbox 682 1404 733 1450; x_wconf 87' lang='lat' dir='ltr'><strong>aut</strong></span> <span class='ocrx_word' id='word_1_98' title='bbox 745 1391 854 1470; x_wconf 82' lang='lat' dir='ltr'><strong>caligo:</strong></span> <span class='ocrx_word' id='word_1_99' title='bbox 868 1393 921 1452; x_wconf 86' lang='lat' dir='ltr'><strong>sed</strong></span> <span class='ocrx_word' id='word_1_100' title='bbox 939 1393 1045 1454; x_wconf 91' lang='lat' dir='ltr'><strong>horum</strong></span> <span class='ocrx_word' id='word_1_101' title='bbox 1061 1395 1141 1473; x_wconf 89' lang='lat' dir='ltr'><strong>quod</strong></span> 
     </span>
     <span class='ocr_line' id='line_1_13' title="bbox 66 1481 1142 1562; baseline 0.001 -16"><span class='ocrx_word' id='word_1_102' title='bbox 66 1507 107 1546; x_wconf 83' lang='lat' dir='ltr'><strong>ex</strong></span> <span class='ocrx_word' id='word_1_103' title='bbox 124 1505 195 1546; x_wconf 89' lang='lat' dir='ltr'><strong>aere</strong></span> <span class='ocrx_word' id='word_1_104' title='bbox 208 1483 378 1543; x_wconf 81' lang='lat' dir='ltr'><strong>mutatoria</strong></span> <span class='ocrx_word' id='word_1_105' title='bbox 390 1503 506 1560; x_wconf 88' lang='lat' dir='ltr'><strong>aquam,</strong></span> <span class='ocrx_word' id='word_1_106' title='bbox 520 1483 627 1561; x_wconf 74' lang='lat' dir='ltr'><strong>caligo:</strong></span> <span class='ocrx_word' id='word_1_107' title='bbox 642 1481 721 1560; x_wconf 91' lang='lat' dir='ltr'><strong>quod</strong></span> <span class='ocrx_word' id='word_1_108' title='bbox 735 1502 804 1542; x_wconf 88' lang='lat' dir='ltr'><strong>vero</strong></span> <span class='ocrx_word' id='word_1_109' title='bbox 825 1503 862 1542; x_wconf 88' lang='lat' dir='ltr'><strong>ex</strong></span> <span class='ocrx_word' id='word_1_110' title='bbox 882 1503 957 1562; x_wconf 87' lang='lat' dir='ltr'><strong>aqua</strong></span> <span class='ocrx_word' id='word_1_111' title='bbox 980 1485 1011 1544; x_wconf 92' lang='lat' dir='ltr'><strong>iu</strong></span> <span class='ocrx_word' id='word_1_112' title='bbox 1032 1505 1142 1560; x_wconf 85' lang='lat' dir='ltr'><strong>aerem,</strong></span> 
     </span>
     <span class='ocr_line' id='line_1_14' title="bbox 69 1574 1142 1652; baseline 0.001 -15"><span class='ocrx_word' id='word_1_113' title='bbox 69 1581 196 1638; x_wconf 77' lang='lat' dir='ltr'><strong>summ:</strong></span> <span class='ocrx_word' id='word_1_114' title='bbox 222 1576 291 1636; x_wconf 88' lang='lat' dir='ltr'><strong>hinc</strong></span> <span class='ocrx_word' id='word_1_115' title='bbox 309 1576 360 1644; x_wconf 88' lang='lat' dir='ltr'><strong>lit,</strong></span> <span class='ocrx_word' id='word_1_116' title='bbox 375 1587 408 1634; x_wconf 90' lang='lat' dir='ltr'><strong>ut</strong></span> <span class='ocrx_word' id='word_1_117' title='bbox 428 1594 502 1652; x_wconf 91' lang='lat' dir='ltr'><strong>aqua</strong></span> <span class='ocrx_word' id='word_1_118' title='bbox 521 1574 627 1634; x_wconf 88' lang='lat' dir='ltr'><strong>odores</strong></span> <span class='ocrx_word' id='word_1_119' title='bbox 644 1574 789 1634; x_wconf 82' lang='lat' dir='ltr'><strong>tenuiores</strong></span> <span class='ocrx_word' id='word_1_120' title='bbox 804 1576 875 1646; x_wconf 84' lang='lat' dir='ltr'><strong>sint,</strong></span> <span class='ocrx_word' id='word_1_121' title='bbox 888 1595 955 1638; x_wconf 85' lang='lat' dir='ltr'><strong>aere</strong></span> <span class='ocrx_word' id='word_1_122' title='bbox 969 1577 1142 1638; x_wconf 79' lang='lat' dir='ltr'><strong>crassiores:</strong></span> 
     </span>
     <span class='ocr_line' id='line_1_15' title="bbox 70 1664 1143 1748; baseline 0.003 -19"><span class='ocrx_word' id='word_1_123' title='bbox 70 1669 157 1748; x_wconf 90' lang='lat' dir='ltr'><strong>quod</strong></span> <span class='ocrx_word' id='word_1_124' title='bbox 176 1669 301 1728; x_wconf 83' lang='lat' dir='ltr'><strong>maxime</strong></span> <span class='ocrx_word' id='word_1_125' title='bbox 319 1667 504 1745; x_wconf 74' lang='lat' dir='ltr'><strong>perspicuum</strong></span> <span class='ocrx_word' id='word_1_126' title='bbox 523 1666 568 1739; x_wconf 83' lang='lat' dir='ltr'><strong>fit,</strong></span> <span class='ocrx_word' id='word_1_127' title='bbox 582 1664 717 1744; x_wconf 89' lang='lat' dir='ltr'><strong>quando,</strong></span> <span class='ocrx_word' id='word_1_128' title='bbox 731 1677 809 1724; x_wconf 83' lang='lat' dir='ltr'><strong>certa</strong></span> <span class='ocrx_word' id='word_1_129' title='bbox 828 1665 952 1743; x_wconf 87' lang='lat' dir='ltr'><strong>quadarn</strong></span> <span class='ocrx_word' id='word_1_130' title='bbox 970 1687 1002 1726; x_wconf 87' lang='lat' dir='ltr'><strong>re</strong></span> <span class='ocrx_word' id='word_1_131' title='bbox 1024 1668 1143 1732; x_wconf 82' lang='lat' dir='ltr'><strong>naribus</strong></span> 
     </span>
     <span class='ocr_line' id='line_1_16' title="bbox 70 1757 1143 1836; baseline 0.002 -16"><span class='ocrx_word' id='word_1_132' title='bbox 70 1773 260 1832; x_wconf 83' lang='lat' dir='ltr'><strong>occurrente,</strong></span> <span class='ocrx_word' id='word_1_133' title='bbox 271 1759 375 1836; x_wconf 86' lang='lat' dir='ltr'><strong>aliquis</strong></span> <span class='ocrx_word' id='word_1_134' title='bbox 387 1759 417 1816; x_wconf 88' lang='lat' dir='ltr'><strong>in</strong></span> <span class='ocrx_word' id='word_1_135' title='bbox 429 1777 460 1818; x_wconf 89' lang='lat' dir='ltr'><strong>se</strong></span> <span class='ocrx_word' id='word_1_136' title='bbox 472 1758 567 1836; x_wconf 83' lang='lat' dir='ltr'><strong>ipsum</strong></span> <span class='ocrx_word' id='word_1_137' title='bbox 583 1757 768 1816; x_wconf 83' lang='lat' dir='ltr'><strong>vehementer</strong></span> <span class='ocrx_word' id='word_1_138' title='bbox 780 1758 913 1836; x_wconf 89' lang='lat' dir='ltr'><strong>spiritum</strong></span> <span class='ocrx_word' id='word_1_139' title='bbox 926 1759 1061 1821; x_wconf 73' lang='lat' dir='ltr'>retrahit:</span> <span class='ocrx_word' id='word_1_140' title='bbox 1074 1773 1143 1822; x_wconf 89' lang='lat' dir='ltr'><strong>tunc</strong></span> 
     </span>
     <span class='ocr_line' id='line_1_17' title="bbox 70 1848 1143 1929; baseline 0.003 -18"><span class='ocrx_word' id='word_1_141' title='bbox 70 1873 146 1912; x_wconf 85' lang='lat' dir='ltr'><strong>sane</strong></span> <span class='ocrx_word' id='word_1_142' title='bbox 153 1851 251 1910; x_wconf 90' lang='lat' dir='ltr'><strong>nullus</strong></span> <span class='ocrx_word' id='word_1_143' title='bbox 261 1850 346 1909; x_wconf 80' lang='lat' dir='ltr'><strong>simul</strong></span> <span class='ocrx_word' id='word_1_144' title='bbox 357 1849 452 1908; x_wconf 82' lang='lat' dir='ltr'><strong>induit</strong></span> <span class='ocrx_word' id='word_1_145' title='bbox 460 1848 544 1921; x_wconf 88' lang='lat' dir='ltr'><strong>odor,</strong></span> <span class='ocrx_word' id='word_1_146' title='bbox 560 1849 677 1929; x_wconf 84' lang='lat' dir='ltr'><strong>spiritua</strong></span> <span class='ocrx_word' id='word_1_147' title='bbox 694 1862 789 1908; x_wconf 90' lang='lat' dir='ltr'><strong>autem</strong></span> <span class='ocrx_word' id='word_1_148' title='bbox 802 1849 838 1908; x_wconf 87' lang='lat' dir='ltr'><strong>ab</strong></span> <span class='ocrx_word' id='word_1_149' title='bbox 850 1849 942 1910; x_wconf 89' lang='lat' dir='ltr'><strong>odore</strong></span> <span class='ocrx_word' id='word_1_150' title='bbox 955 1851 1050 1911; x_wconf 86' lang='lat' dir='ltr'><strong>nudus</strong></span> <span class='ocrx_word' id='word_1_151' title='bbox 1065 1854 1143 1914; x_wconf 82' lang='lat' dir='ltr'><strong>solus</strong></span> 
     </span>
     <span class='ocr_line' id='line_1_18' title="bbox 71 1941 1143 2024; baseline -0.001 -19"><span class='ocrx_word' id='word_1_152' title='bbox 71 1945 228 2024; x_wconf 81' lang='lat' dir='ltr'><strong>sequitur:</strong></span> <span class='ocrx_word' id='word_1_153' title='bbox 254 1943 319 2002; x_wconf 79' lang='lat' dir='ltr'><strong>dnae</strong></span> <span class='ocrx_word' id='word_1_154' title='bbox 328 1943 417 2020; x_wconf 75' lang='lat' dir='ltr'><strong>igitur</strong></span> <span class='ocrx_word' id='word_1_155' title='bbox 430 1943 475 2000; x_wconf 81' lang='lat' dir='ltr'><strong>hae</strong></span> <span class='ocrx_word' id='word_1_156' title='bbox 485 1943 515 2004; x_wconf 87' lang='lat' dir='ltr'><strong>in</strong></span> <span class='ocrx_word' id='word_1_157' title='bbox 526 1941 571 2000; x_wconf 90' lang='lat' dir='ltr'><strong>his</strong></span> <span class='ocrx_word' id='word_1_158' title='bbox 583 1943 735 2004; x_wconf 78' lang='lat' dir='ltr'><strong>varietates</strong></span> <span class='ocrx_word' id='word_1_159' title='bbox 747 1941 854 2020; x_wconf 82' lang='lat' dir='ltr'><strong>absque</strong></span> <span class='ocrx_word' id='word_1_160' title='bbox 866 1945 983 2002; x_wconf 87' lang='lat' dir='ltr'><strong>nomine</strong></span> <span class='ocrx_word' id='word_1_161' title='bbox 995 1957 1075 2017; x_wconf 85' lang='lat' dir='ltr'><strong>sunt,</strong></span> <span class='ocrx_word' id='word_1_162' title='bbox 1090 1965 1143 2010; x_wconf 87' lang='lat' dir='ltr'><strong>nec</strong></span> 
     </span>
     <span class='ocr_line' id='line_1_19' title="bbox 70 2033 1143 2116; baseline 0.005 -20"><span class='ocrx_word' id='word_1_163' title='bbox 70 2057 110 2096; x_wconf 87' lang='lat' dir='ltr'><strong>ex</strong></span> <span class='ocrx_word' id='word_1_164' title='bbox 130 2034 280 2116; x_wconf 82' lang='lat' dir='ltr'><strong>pluribus,</strong></span> <span class='ocrx_word' id='word_1_165' title='bbox 304 2054 357 2094; x_wconf 90' lang='lat' dir='ltr'><strong>uec</strong></span> <span class='ocrx_word' id='word_1_166' title='bbox 377 2053 413 2092; x_wconf 82' lang='lat' dir='ltr'><strong>ex</strong></span> <span class='ocrx_word' id='word_1_167' title='bbox 431 2033 609 2111; x_wconf 80' lang='lat' dir='ltr'><strong>simplicibus</strong></span> <span class='ocrx_word' id='word_1_168' title='bbox 626 2033 795 2112; x_wconf 82' lang='lat' dir='ltr'><strong>speciebus:</strong></span> <span class='ocrx_word' id='word_1_169' title='bbox 816 2034 867 2094; x_wconf 88' lang='lat' dir='ltr'><strong>sed</strong></span> <span class='ocrx_word' id='word_1_170' title='bbox 888 2033 949 2094; x_wconf 90' lang='lat' dir='ltr'><strong>duo</strong></span> <span class='ocrx_word' id='word_1_171' title='bbox 967 2034 1010 2098; x_wconf 89' lang='lat' dir='ltr'><strong>ibi</strong></span> <span class='ocrx_word' id='word_1_172' title='bbox 1026 2037 1143 2101; x_wconf 86' lang='lat' dir='ltr'><strong>uomina</strong></span> 
     </span>
     <span class='ocr_line' id='line_1_20' title="bbox 72 2126 1143 2206; baseline 0.002 -17"><span class='ocrx_word' id='word_1_173' title='bbox 72 2143 191 2190; x_wconf 84' lang='lat' dir='ltr'><strong>tantum</strong></span> <span class='ocrx_word' id='word_1_174' title='bbox 203 2126 352 2186; x_wconf 79' lang='lat' dir='ltr'><strong>manifesta</strong></span> <span class='ocrx_word' id='word_1_175' title='bbox 362 2138 442 2197; x_wconf 88' lang='lat' dir='ltr'><strong>sunt,</strong></span> <span class='ocrx_word' id='word_1_176' title='bbox 452 2145 540 2186; x_wconf 89' lang='lat' dir='ltr'><strong>suave</strong></span> <span class='ocrx_word' id='word_1_177' title='bbox 551 2126 660 2185; x_wconf 88' lang='lat' dir='ltr'><strong>scilicet</strong></span> <span class='ocrx_word' id='word_1_178' title='bbox 669 2137 698 2185; x_wconf 89' lang='lat' dir='ltr'><strong>et</strong></span> <span class='ocrx_word' id='word_1_179' title='bbox 709 2127 876 2186; x_wconf 82' lang='lat' dir='ltr'><strong>molestum:</strong></span> <span class='ocrx_word' id='word_1_180' title='bbox 888 2127 944 2188; x_wconf 89' lang='lat' dir='ltr'><strong>hoc</strong></span> <span class='ocrx_word' id='word_1_181' title='bbox 955 2129 1073 2206; x_wconf 90' lang='lat' dir='ltr'><strong>quidem</strong></span> <span class='ocrx_word' id='word_1_182' title='bbox 1084 2129 1143 2190; x_wconf 86' lang='lat' dir='ltr'><strong>dis·</strong></span> 
     </span>
     <span class='ocr_line' id='line_1_21' title="bbox 72 2219 1143 2301; baseline 0.004 -19"><span class='ocrx_word' id='word_1_183' title='bbox 72 2220 178 2282; x_wconf 83' lang='lat' dir='ltr'><strong>turbat</strong></span> <span class='ocrx_word' id='word_1_184' title='bbox 196 2221 345 2296; x_wconf 81' lang='lat' dir='ltr'><strong>riolatque</strong></span> <span class='ocrx_word' id='word_1_185' title='bbox 365 2237 481 2278; x_wconf 87' lang='lat' dir='ltr'><strong>omnem</strong></span> <span class='ocrx_word' id='word_1_186' title='bbox 501 2237 564 2278; x_wconf 88' lang='lat' dir='ltr'><strong>eam</strong></span> <span class='ocrx_word' id='word_1_187' title='bbox 579 2219 782 2296; x_wconf 76' lang='lat' dir='ltr'><strong>capacitatem,</strong></span> <span class='ocrx_word' id='word_1_188' title='bbox 797 2238 862 2296; x_wconf 87' lang='lat' dir='ltr'><strong>quaa</strong></span> <span class='ocrx_word' id='word_1_189' title='bbox 877 2239 895 2280; x_wconf 90' lang='lat' dir='ltr'><strong>a</strong></span> <span class='ocrx_word' id='word_1_190' title='bbox 912 2219 1025 2282; x_wconf 83' lang='lat' dir='ltr'><strong>summo</strong></span> <span class='ocrx_word' id='word_1_191' title='bbox 1041 2224 1143 2301; x_wconf 82' lang='lat' dir='ltr'><strong>capitis</strong></span> 
     </span>
     <span class='ocr_line' id='line_1_22' title="bbox 71 2310 1141 2388; baseline 0.003 -14"><span class='ocrx_word' id='word_1_192' title='bbox 71 2314 185 2374; x_wconf 81' lang='lat' dir='ltr'><strong>vertice</strong></span> <span class='ocrx_word' id='word_1_193' title='bbox 196 2312 232 2372; x_wconf 93' lang='lat' dir='ltr'><strong>ad</strong></span> <span class='ocrx_word' id='word_1_194' title='bbox 243 2310 411 2370; x_wconf 84' lang='lat' dir='ltr'><strong>umbilicum</strong></span> <span class='ocrx_word' id='word_1_195' title='bbox 421 2310 624 2388; x_wconf 86' lang='lat' dir='ltr'><strong>protenditur:</strong></span> <span class='ocrx_word' id='word_1_196' title='bbox 645 2310 717 2371; x_wconf 91' lang='lat' dir='ltr'><strong>illud</strong></span> <span class='ocrx_word' id='word_1_197' title='bbox 735 2331 805 2370; x_wconf 87' lang='lat' dir='ltr'><strong>vero</strong></span> <span class='ocrx_word' id='word_1_198' title='bbox 824 2312 955 2372; x_wconf 90' lang='lat' dir='ltr'><strong>eamdem</strong></span> <span class='ocrx_word' id='word_1_199' title='bbox 974 2315 1098 2387; x_wconf 83' lang='lat' dir='ltr'><strong>mulcet,</strong></span> <span class='ocrx_word' id='word_1_200' title='bbox 1111 2329 1141 2378; x_wconf 86' lang='lat' dir='ltr'><strong>et</strong></span> 
     </span>
     <span class='ocr_line' id='line_1_23' title="bbox 72 2401 969 2483; baseline -0.006 -16"><span class='ocrx_word' id='word_1_201' title='bbox 72 2408 172 2468; x_wconf 89' lang='lat' dir='ltr'><strong>amico</strong></span> <span class='ocrx_word' id='word_1_202' title='bbox 187 2404 313 2483; x_wconf 88' lang='lat' dir='ltr'><strong>quodam</strong></span> <span class='ocrx_word' id='word_1_203' title='bbox 328 2404 459 2481; x_wconf 84' lang='lat' dir='ltr'><strong>ingressu</strong></span> <span class='ocrx_word' id='word_1_204' title='bbox 470 2402 629 2464; x_wconf 78' lang='lat' dir='ltr'><strong>naturalem</strong></span> <span class='ocrx_word' id='word_1_205' title='bbox 643 2401 705 2480; x_wconf 86' lang='lat' dir='ltr'><strong>ejus</strong></span> <span class='ocrx_word' id='word_1_206' title='bbox 718 2416 813 2464; x_wconf 83' lang='lat' dir='ltr'><strong>serrat</strong></span> <span class='ocrx_word' id='word_1_207' title='bbox 827 2401 969 2464; x_wconf 82' lang='lat' dir='ltr'><strong>habitum.</strong></span> 
     </span>
    </p>

    <p class='ocr_par' dir='ltr' id='par_1_4' title="bbox 73 2494 1140 3312">
     <span class='ocr_line' id='line_1_24' title="bbox 116 2494 1139 2574; baseline 0.001 -16"><span class='ocrx_word' id='word_1_208' title='bbox 116 2497 247 2558; x_wconf 85' lang='lat' dir='ltr'><strong>Tertiam</strong></span> <span class='ocrx_word' id='word_1_209' title='bbox 266 2507 408 2574; x_wconf 76' lang='lat' dir='ltr'><strong>praterea</strong></span> <span class='ocrx_word' id='word_1_210' title='bbox 419 2494 478 2552; x_wconf 82' lang='lat' dir='ltr'><strong>vim</strong></span> <span class='ocrx_word' id='word_1_211' title='bbox 492 2495 652 2564; x_wconf 83' lang='lat' dir='ltr'><strong>sentiendi,</strong></span> <span class='ocrx_word' id='word_1_212' title='bbox 667 2495 797 2556; x_wconf 86' lang='lat' dir='ltr'><strong>auditum</strong></span> <span class='ocrx_word' id='word_1_213' title='bbox 809 2495 960 2569; x_wconf 84' lang='lat' dir='ltr'><strong>videlicet,</strong></span> <span class='ocrx_word' id='word_1_214' title='bbox 977 2497 1019 2556; x_wconf 84' lang='lat' dir='ltr'><strong>ite</strong></span> <span class='ocrx_word' id='word_1_215' title='bbox 1040 2500 1139 2558; x_wconf 83' lang='lat' dir='ltr'><strong>conei-</strong></span> 
     </span>
     <span class='ocr_line' id='line_1_25' title="bbox 73 2586 1139 2667; baseline -0.002 -17"><span class='ocrx_word' id='word_1_216' title='bbox 73 2591 182 2650; x_wconf 85' lang='lat' dir='ltr'><strong>derare</strong></span> <span class='ocrx_word' id='word_1_217' title='bbox 195 2588 351 2658; x_wconf 79' lang='lat' dir='ltr'><strong>debemus,</strong></span> <span class='ocrx_word' id='word_1_218' title='bbox 365 2599 413 2658; x_wconf 88' lang='lat' dir='ltr'><strong>nt,</strong></span> <span class='ocrx_word' id='word_1_219' title='bbox 426 2586 532 2664; x_wconf 89' lang='lat' dir='ltr'><strong>quibus</strong></span> <span class='ocrx_word' id='word_1_220' title='bbox 546 2607 583 2646; x_wconf 86' lang='lat' dir='ltr'><strong>ex</strong></span> <span class='ocrx_word' id='word_1_221' title='bbox 598 2590 691 2650; x_wconf 87' lang='lat' dir='ltr'><strong>causis</strong></span> <span class='ocrx_word' id='word_1_222' title='bbox 705 2590 851 2667; x_wconf 83' lang='lat' dir='ltr'><strong>passiones</strong></span> <span class='ocrx_word' id='word_1_223' title='bbox 872 2589 934 2666; x_wconf 86' lang='lat' dir='ltr'><strong>ejus</strong></span> <span class='ocrx_word' id='word_1_224' title='bbox 950 2591 1139 2667; x_wconf 84' lang='lat' dir='ltr'><strong>proveniant,</strong></span> 
     </span>
     <span class='ocr_line' id='line_1_26' title="bbox 73 2679 1139 2762; baseline -0.001 -19"><span class='ocrx_word' id='word_1_225' title='bbox 73 2701 271 2762; x_wconf 82' lang='lat' dir='ltr'><strong>exponamus:</strong></span> <span class='ocrx_word' id='word_1_226' title='bbox 286 2679 404 2738; x_wconf 87' lang='lat' dir='ltr'><strong>omnino</strong></span> <span class='ocrx_word' id='word_1_227' title='bbox 416 2679 612 2755; x_wconf 75' lang='lat' dir='ltr'><strong>igiturvocem</strong></span> <span class='ocrx_word' id='word_1_228' title='bbox 626 2699 767 2757; x_wconf 87' lang='lat' dir='ltr'><strong>ponamus</strong></span> <span class='ocrx_word' id='word_1_229' title='bbox 781 2681 973 2758; x_wconf 87' lang='lat' dir='ltr'><strong>pulsationem</strong></span> <span class='ocrx_word' id='word_1_230' title='bbox 985 2681 1139 2758; x_wconf 89' lang='lat' dir='ltr'><strong>quamdam</strong></span> 
     </span>
     <span class='ocr_line' id='line_1_27' title="bbox 74 2770 1139 2851; baseline 0.002 -17"><span class='ocrx_word' id='word_1_231' title='bbox 74 2774 115 2834; x_wconf 91' lang='lat' dir='ltr'><strong>ab</strong></span> <span class='ocrx_word' id='word_1_232' title='bbox 135 2793 202 2834; x_wconf 85' lang='lat' dir='ltr'><strong>aere</strong></span> <span class='ocrx_word' id='word_1_233' title='bbox 220 2793 273 2851; x_wconf 92' lang='lat' dir='ltr'><strong>per</strong></span> <span class='ocrx_word' id='word_1_234' title='bbox 293 2791 378 2832; x_wconf 87' lang='lat' dir='ltr'><strong>aures</strong></span> <span class='ocrx_word' id='word_1_235' title='bbox 398 2770 608 2849; x_wconf 86' lang='lat' dir='ltr'><strong>cerebrumque</strong></span> <span class='ocrx_word' id='word_1_236' title='bbox 630 2785 660 2830; x_wconf 92' lang='lat' dir='ltr'><strong>et</strong></span> <span class='ocrx_word' id='word_1_237' title='bbox 678 2773 844 2850; x_wconf 80' lang='lat' dir='ltr'><strong>sanguinem</strong></span> <span class='ocrx_word' id='word_1_238' title='bbox 860 2793 951 2850; x_wconf 88' lang='lat' dir='ltr'><strong>usque</strong></span> <span class='ocrx_word' id='word_1_239' title='bbox 964 2772 1001 2832; x_wconf 93' lang='lat' dir='ltr'><strong>ad</strong></span> <span class='ocrx_word' id='word_1_240' title='bbox 1016 2775 1139 2836; x_wconf 90' lang='lat' dir='ltr'><strong>animam</strong></span> 
     </span>
     <span class='ocr_line' id='line_1_28' title="bbox 75 2862 1140 2945; baseline 0.003 -21"><span class='ocrx_word' id='word_1_241' title='bbox 75 2877 276 2944; x_wconf 81' lang='lat' dir='ltr'><strong>penetrantem</strong></span> <span class='ocrx_word' id='word_1_242' title='bbox 288 2885 295 2921; x_wconf 93' lang='lat'><strong>:</strong></span> <span class='ocrx_word' id='word_1_243' title='bbox 306 2876 401 2924; x_wconf 86' lang='lat' dir='ltr'><strong>natam</strong></span> <span class='ocrx_word' id='word_1_244' title='bbox 414 2883 530 2942; x_wconf 90' lang='lat' dir='ltr'><strong>quoque</strong></span> <span class='ocrx_word' id='word_1_245' title='bbox 541 2883 577 2922; x_wconf 86' lang='lat' dir='ltr'><strong>ex</strong></span> <span class='ocrx_word' id='word_1_246' title='bbox 590 2862 807 2937; x_wconf 75' lang='lat' dir='ltr'><strong>emotionem,</strong></span> <span class='ocrx_word' id='word_1_247' title='bbox 820 2863 1004 2941; x_wconf 86' lang='lat' dir='ltr'><strong>incipientem</strong></span> <span class='ocrx_word' id='word_1_248' title='bbox 1017 2885 1034 2924; x_wconf 87' lang='lat' dir='ltr'><strong>a</strong></span> <span class='ocrx_word' id='word_1_249' title='bbox 1045 2867 1140 2945; x_wconf 88' lang='lat' dir='ltr'><strong>capite</strong></span> 
     </span>
     <span class='ocr_line' id='line_1_29' title="bbox 75 2954 1140 3035; baseline 0 -17"><span class='ocrx_word' id='word_1_250' title='bbox 75 2973 107 3018; x_wconf 86' lang='lat' dir='ltr'><strong>et</strong></span> <span class='ocrx_word' id='word_1_251' title='bbox 120 2962 153 3018; x_wconf 86' lang='lat' dir='ltr'><strong>iu</strong></span> <span class='ocrx_word' id='word_1_252' title='bbox 165 2957 262 3017; x_wconf 89' lang='lat' dir='ltr'><strong>sedem</strong></span> <span class='ocrx_word' id='word_1_253' title='bbox 272 2957 378 3035; x_wconf 86' lang='lat' dir='ltr'><strong>jecoris</strong></span> <span class='ocrx_word' id='word_1_254' title='bbox 392 2955 584 3028; x_wconf 87' lang='lat' dir='ltr'><strong>desinentem,</strong></span> <span class='ocrx_word' id='word_1_255' title='bbox 605 2954 734 3014; x_wconf 87' lang='lat' dir='ltr'><strong>auditum</strong></span> <span class='ocrx_word' id='word_1_256' title='bbox 748 2975 885 3014; x_wconf 83' lang='lat' dir='ltr'><strong>vocemm</strong></span> <span class='ocrx_word' id='word_1_257' title='bbox 898 2975 905 3014; x_wconf 92' lang='lat'><strong>:</strong></span> <span class='ocrx_word' id='word_1_258' title='bbox 921 2957 1010 3016; x_wconf 90' lang='lat' dir='ltr'><strong>motio</strong></span> <span class='ocrx_word' id='word_1_259' title='bbox 1021 2959 1140 3035; x_wconf 87' lang='lat' dir='ltr'><strong>quidem</strong></span> 
     </span>
     <span class='ocr_line' id='line_1_30' title="bbox 76 3041 1140 3128; baseline 0 -18"><span class='ocrx_word' id='word_1_260' title='bbox 76 3053 165 3112; x_wconf 86' lang='lat' dir='ltr'><strong>velox</strong></span> <span class='ocrx_word' id='word_1_261' title='bbox 176 3063 261 3110; x_wconf 85' lang='lat' dir='ltr'><strong>acuta</strong></span> <span class='ocrx_word' id='word_1_262' title='bbox 273 3049 423 3128; x_wconf 83' lang='lat' dir='ltr'><strong>provenit,</strong></span> <span class='ocrx_word' id='word_1_263' title='bbox 437 3048 520 3108; x_wconf 88' lang='lat' dir='ltr'><strong>tarda</strong></span> <span class='ocrx_word' id='word_1_264' title='bbox 531 3048 643 3126; x_wconf 83' lang='lat' dir='ltr'><strong>gravia:</strong></span> <span class='ocrx_word' id='word_1_265' title='bbox 661 3041 718 3106; x_wconf 81' lang='lat' dir='ltr'><strong>una</strong></span> <span class='ocrx_word' id='word_1_266' title='bbox 728 3049 845 3126; x_wconf 74' lang='lat' dir='ltr'><strong>aequalis</strong></span> <span class='ocrx_word' id='word_1_267' title='bbox 861 3060 947 3126; x_wconf 80' lang='lat' dir='ltr'><strong>atque</strong></span> <span class='ocrx_word' id='word_1_268' title='bbox 961 3050 1056 3122; x_wconf 74' lang='lat' dir='ltr'><strong>laevis,</strong></span> <span class='ocrx_word' id='word_1_269' title='bbox 1071 3072 1140 3112; x_wconf 90' lang='lat' dir='ltr'><strong>con-</strong></span> 
     </span>
     <span class='ocr_line' id='line_1_31' title="bbox 78 3140 1140 3219; baseline -0.002 -15"><span class='ocrx_word' id='word_1_270' title='bbox 78 3145 168 3204; x_wconf 83' lang='lat' dir='ltr'><strong>traria</strong></span> <span class='ocrx_word' id='word_1_271' title='bbox 180 3162 251 3204; x_wconf 80' lang='lat' dir='ltr'><strong>vero</strong></span> <span class='ocrx_word' id='word_1_272' title='bbox 260 3161 381 3219; x_wconf 72' lang='lat' dir='ltr'><strong>aspera:</strong></span> <span class='ocrx_word' id='word_1_273' title='bbox 395 3159 510 3218; x_wconf 78' lang='lat' dir='ltr'><strong>magna,</strong></span> <span class='ocrx_word' id='word_1_274' title='bbox 523 3160 588 3219; x_wconf 81' lang='lat' dir='ltr'><strong>quae</strong></span> <span class='ocrx_word' id='word_1_275' title='bbox 603 3140 711 3200; x_wconf 81' lang='lat' dir='ltr'><strong>multa:</strong></span> <span class='ocrx_word' id='word_1_276' title='bbox 727 3159 898 3218; x_wconf 65' lang='lat' dir='ltr'><strong>parvaque</strong></span> <span class='ocrx_word' id='word_1_277' title='bbox 912 3160 1021 3218; x_wconf 88' lang='lat' dir='ltr'><strong>pauca:</strong></span> <span class='ocrx_word' id='word_1_278' title='bbox 1037 3141 1140 3202; x_wconf 90' lang='lat' dir='ltr'><strong>barum</strong></span> 
     </span>
     <span class='ocr_line' id='line_1_32' title="bbox 76 3231 1139 3312; baseline 0 -16"><span class='ocrx_word' id='word_1_279' title='bbox 76 3257 184 3296; x_wconf 77' lang='lat' dir='ltr'><strong>vocum</strong></span> <span class='ocrx_word' id='word_1_280' title='bbox 203 3233 387 3294; x_wconf 86' lang='lat' dir='ltr'><strong>concordiam</strong></span> <span class='ocrx_word' id='word_1_281' title='bbox 405 3235 664 3312; x_wconf 86' lang='lat' dir='ltr'><strong>consonantiasque</strong></span> <span class='ocrx_word' id='word_1_282' title='bbox 676 3234 707 3292; x_wconf 89' lang='lat' dir='ltr'><strong>in</strong></span> <span class='ocrx_word' id='word_1_283' title='bbox 719 3231 906 3312; x_wconf 87' lang='lat' dir='ltr'><strong>sequentibus</strong></span> <span class='ocrx_word' id='word_1_284' title='bbox 920 3233 1139 3296; x_wconf 89' lang='lat' dir='ltr'><strong>declarabimus.</strong></span> 
     </span>
    </p>

    <p class='ocr_par' dir='ltr' id='par_1_5' title="bbox 79 3324 1150 4146">
     <span class='ocr_line' id='line_1_33' title="bbox 119 3324 1142 3407; baseline 0.002 -21"><span class='ocrx_word' id='word_1_285' title='bbox 119 3329 398 3407; x_wconf 84' lang='lat' dir='ltr'><strong>sequiturquartum</strong></span> <span class='ocrx_word' id='word_1_286' title='bbox 408 3326 548 3386; x_wconf 87' lang='lat' dir='ltr'><strong>sentiendi</strong></span> <span class='ocrx_word' id='word_1_287' title='bbox 557 3345 645 3402; x_wconf 82' lang='lat' dir='ltr'><strong>genus</strong></span> <span class='ocrx_word' id='word_1_288' title='bbox 657 3325 871 3405; x_wconf 80' lang='lat' dir='ltr'><strong>exponendum,</strong></span> <span class='ocrx_word' id='word_1_289' title='bbox 881 3324 960 3402; x_wconf 93' lang='lat' dir='ltr'><strong>quod</strong></span> <span class='ocrx_word' id='word_1_290' title='bbox 972 3326 1142 3388; x_wconf 81' lang='lat' dir='ltr'><strong>varietatem</strong></span> 
     </span>
     <span class='ocr_line' id='line_1_34' title="bbox 79 3417 1143 3502; baseline -0.002 -19"><span class='ocrx_word' id='word_1_291' title='bbox 79 3425 108 3484; x_wconf 90' lang='lat' dir='ltr'><strong>iu</strong></span> <span class='ocrx_word' id='word_1_292' title='bbox 123 3443 155 3482; x_wconf 89' lang='lat' dir='ltr'><strong>se</strong></span> <span class='ocrx_word' id='word_1_293' title='bbox 168 3422 322 3502; x_wconf 90' lang='lat' dir='ltr'><strong>plurimam</strong></span> <span class='ocrx_word' id='word_1_294' title='bbox 335 3419 479 3480; x_wconf 86' lang='lat' dir='ltr'><strong>eontinet:</strong></span> <span class='ocrx_word' id='word_1_295' title='bbox 494 3432 524 3476; x_wconf 86' lang='lat' dir='ltr'><strong>et</strong></span> <span class='ocrx_word' id='word_1_296' title='bbox 533 3439 599 3496; x_wconf 88' lang='lat' dir='ltr'><strong>quae</strong></span> <span class='ocrx_word' id='word_1_297' title='bbox 609 3419 664 3478; x_wconf 89' lang='lat' dir='ltr'><strong>sub</strong></span> <span class='ocrx_word' id='word_1_298' title='bbox 677 3439 713 3478; x_wconf 88' lang='lat' dir='ltr'><strong>eo</strong></span> <span class='ocrx_word' id='word_1_299' title='bbox 726 3429 792 3478; x_wconf 88' lang='lat' dir='ltr'><strong>sunt</strong></span> <span class='ocrx_word' id='word_1_300' title='bbox 803 3417 908 3488; x_wconf 89' lang='lat' dir='ltr'><strong>omnia,</strong></span> <span class='ocrx_word' id='word_1_301' title='bbox 919 3419 1031 3477; x_wconf 82' lang='lat' dir='ltr'><strong>colores</strong></span> <span class='ocrx_word' id='word_1_302' title='bbox 1040 3439 1143 3481; x_wconf 87' lang='lat' dir='ltr'><strong>vocan-</strong></span> 
     </span>
     <span class='ocr_line' id='line_1_35' title="bbox 80 3509 1142 3593; baseline -0.002 -18"><span class='ocrx_word' id='word_1_303' title='bbox 80 3531 147 3576; x_wconf 87' lang='lat' dir='ltr'><strong>tur:</strong></span> <span class='ocrx_word' id='word_1_304' title='bbox 169 3530 213 3574; x_wconf 86' lang='lat' dir='ltr'><strong>est</strong></span> <span class='ocrx_word' id='word_1_305' title='bbox 227 3527 325 3574; x_wconf 87' lang='lat' dir='ltr'><strong>autem</strong></span> <span class='ocrx_word' id='word_1_306' title='bbox 335 3512 416 3572; x_wconf 88' lang='lat' dir='ltr'><strong>color</strong></span> <span class='ocrx_word' id='word_1_307' title='bbox 430 3512 519 3571; x_wconf 85' lang='lat' dir='ltr'><strong>veluti</strong></span> <span class='ocrx_word' id='word_1_308' title='bbox 532 3511 676 3570; x_wconf 84' lang='lat' dir='ltr'><strong>flammula</strong></span> <span class='ocrx_word' id='word_1_309' title='bbox 687 3510 819 3590; x_wconf 74' lang='lat' dir='ltr'><strong>quedam</strong></span> <span class='ocrx_word' id='word_1_310' title='bbox 830 3509 983 3588; x_wconf 76' lang='lat' dir='ltr'><strong>fulgorque</strong></span> <span class='ocrx_word' id='word_1_311' title='bbox 993 3531 1011 3572; x_wconf 87' lang='lat' dir='ltr'><strong>a</strong></span> <span class='ocrx_word' id='word_1_312' title='bbox 1023 3513 1142 3593; x_wconf 82' lang='lat' dir='ltr'><strong>siugulis</strong></span> 
     </span>
     <span class='ocr_line' id='line_1_36' title="bbox 79 3602 1144 3689; baseline -0.001 -20"><span class='ocrx_word' id='word_1_313' title='bbox 79 3607 254 3689; x_wconf 86' lang='lat' dir='ltr'><strong>corporibus</strong></span> <span class='ocrx_word' id='word_1_314' title='bbox 260 3625 405 3678; x_wconf 86' lang='lat' dir='ltr'><strong>emanans,</strong></span> <span class='ocrx_word' id='word_1_315' title='bbox 412 3619 509 3684; x_wconf 87' lang='lat' dir='ltr'><strong>partes</strong></span> <span class='ocrx_word' id='word_1_316' title='bbox 518 3603 705 3663; x_wconf 85' lang='lat' dir='ltr'><strong>babensvisui</strong></span> <span class='ocrx_word' id='word_1_317' title='bbox 711 3603 747 3662; x_wconf 87' lang='lat' dir='ltr'><strong>ad</strong></span> <span class='ocrx_word' id='word_1_318' title='bbox 759 3602 939 3664; x_wconf 84' lang='lat' dir='ltr'><strong>sentiendum</strong></span> <span class='ocrx_word' id='word_1_319' title='bbox 947 3605 1144 3668; x_wconf 78' lang='lat' dir='ltr'><strong>accommoda-</strong></span> 
     </span>
     <span class='ocr_line' id='line_1_37' title="bbox 80 3696 1143 3775; baseline -0.003 -13"><span class='ocrx_word' id='word_1_320' title='bbox 80 3717 139 3762; x_wconf 89' lang='lat' dir='ltr'><strong>tas:</strong></span> <span class='ocrx_word' id='word_1_321' title='bbox 152 3719 251 3760; x_wconf 86' lang='lat' dir='ltr'><strong>causas</strong></span> <span class='ocrx_word' id='word_1_322' title='bbox 264 3719 345 3772; x_wconf 90' lang='lat' dir='ltr'><strong>vero,</strong></span> <span class='ocrx_word' id='word_1_323' title='bbox 355 3717 391 3758; x_wconf 85' lang='lat' dir='ltr'><strong>ex</strong></span> <span class='ocrx_word' id='word_1_324' title='bbox 402 3696 509 3775; x_wconf 88' lang='lat' dir='ltr'><strong>quibus</strong></span> <span class='ocrx_word' id='word_1_325' title='bbox 519 3697 597 3756; x_wconf 84' lang='lat' dir='ltr'><strong>risus</strong></span> <span class='ocrx_word' id='word_1_326' title='bbox 606 3697 742 3774; x_wconf 77' lang='lat' dir='ltr'><strong>gignitur,</strong></span> <span class='ocrx_word' id='word_1_327' title='bbox 751 3713 838 3774; x_wconf 85' lang='lat' dir='ltr'><strong>supra</strong></span> <span class='ocrx_word' id='word_1_328' title='bbox 853 3698 1053 3758; x_wconf 83' lang='lat' dir='ltr'><strong>tractavimus:</strong></span> <span class='ocrx_word' id='word_1_329' title='bbox 1067 3720 1143 3762; x_wconf 88' lang='lat' dir='ltr'><strong>nunc</strong></span> 
     </span>
     <span class='ocr_line' id='line_1_38' title="bbox 80 3787 1142 3869; baseline 0 -17"><span class='ocrx_word' id='word_1_330' title='bbox 80 3793 117 3852; x_wconf 91' lang='lat' dir='ltr'><strong>de</strong></span> <span class='ocrx_word' id='word_1_331' title='bbox 127 3790 273 3854; x_wconf 86' lang='lat' dir='ltr'><strong>coloribus</strong></span> <span class='ocrx_word' id='word_1_332' title='bbox 283 3791 462 3869; x_wconf 86' lang='lat' dir='ltr'><strong>potissimum</strong></span> <span class='ocrx_word' id='word_1_333' title='bbox 471 3787 1142 3868; x_wconf 80' lang='lat' dir='ltr'><strong>hocpactoprobabiliadicendavidentur:quae</strong></span> 
     </span>
     <span class='ocr_line' id='line_1_39' title="bbox 81 3879 1144 3960; baseline 0.002 -17"><span class='ocrx_word' id='word_1_334' title='bbox 81 3885 119 3944; x_wconf 81' lang='lat' dir='ltr'><strong>ab</strong></span> <span class='ocrx_word' id='word_1_335' title='bbox 130 3883 194 3942; x_wconf 88' lang='lat' dir='ltr'><strong>aliis</strong></span> <span class='ocrx_word' id='word_1_336' title='bbox 209 3883 303 3942; x_wconf 88' lang='lat' dir='ltr'><strong>delata</strong></span> <span class='ocrx_word' id='word_1_337' title='bbox 317 3880 447 3960; x_wconf 86' lang='lat' dir='ltr'><strong>partibus</strong></span> <span class='ocrx_word' id='word_1_338' title='bbox 459 3881 646 3957; x_wconf 89' lang='lat' dir='ltr'><strong>inaspectum</strong></span> <span class='ocrx_word' id='word_1_339' title='bbox 662 3879 779 3950; x_wconf 89' lang='lat' dir='ltr'><strong>cadunt,</strong></span> <span class='ocrx_word' id='word_1_340' title='bbox 790 3881 896 3958; x_wconf 87' lang='lat' dir='ltr'><strong>partim</strong></span> <span class='ocrx_word' id='word_1_341' title='bbox 905 3882 1026 3953; x_wconf 87' lang='lat' dir='ltr'><strong>minora,</strong></span> <span class='ocrx_word' id='word_1_342' title='bbox 1039 3885 1144 3960; x_wconf 85' lang='lat' dir='ltr'><strong>partim</strong></span> 
     </span>
     <span class='ocr_line' id='line_1_40' title="bbox 81 3971 1145 4054; baseline 0 -18"><span class='ocrx_word' id='word_1_343' title='bbox 81 3977 205 4053; x_wconf 83' lang='lat' dir='ltr'><strong>majora,</strong></span> <span class='ocrx_word' id='word_1_344' title='bbox 218 3976 323 4054; x_wconf 86' lang='lat' dir='ltr'><strong>partim</strong></span> <span class='ocrx_word' id='word_1_345' title='bbox 331 3975 408 4032; x_wconf 85' lang='lat' dir='ltr'><strong>visus</strong></span> <span class='ocrx_word' id='word_1_346' title='bbox 420 3975 510 4052; x_wconf 87' lang='lat' dir='ltr'><strong>ipsius</strong></span> <span class='ocrx_word' id='word_1_347' title='bbox 519 3971 649 4052; x_wconf 84' lang='lat' dir='ltr'><strong>partibus</strong></span> <span class='ocrx_word' id='word_1_348' title='bbox 660 3971 778 4049; x_wconf 78' lang='lat' dir='ltr'><strong>aqualia</strong></span> <span class='ocrx_word' id='word_1_349' title='bbox 790 3987 874 4032; x_wconf 77' lang='lat' dir='ltr'><strong>suant:</strong></span> <span class='ocrx_word' id='word_1_350' title='bbox 895 3975 1017 4052; x_wconf 85' lang='lat' dir='ltr'><strong>:aqualia</strong></span> <span class='ocrx_word' id='word_1_351' title='bbox 1027 3975 1145 4051; x_wconf 88' lang='lat' dir='ltr'><strong>quidem</strong></span> 
     </span>
     <span class='ocr_line' id='line_1_41' title="bbox 81 4062 1150 4146; baseline -0.002 -16"><span class='ocrx_word' id='word_1_352' title='bbox 81 4068 183 4130; x_wconf 76' lang='lat' dir='ltr'><strong>sentiri</strong></span> <span class='ocrx_word' id='word_1_353' title='bbox 193 4088 250 4126; x_wconf 90' lang='lat' dir='ltr'><strong>non</strong></span> <span class='ocrx_word' id='word_1_354' title='bbox 263 4079 465 4146; x_wconf 62' lang='lat' dir='ltr'><strong>possuntque</strong></span> <span class='ocrx_word' id='word_1_355' title='bbox 475 4062 878 4144; x_wconf 84' lang='lat' dir='ltr'><strong>diophana,ideet,utrimque</strong></span> <span class='ocrx_word' id='word_1_356' title='bbox 888 4064 1150 4144; x_wconf 68' lang='lat' dir='ltr'><strong>perspicuaquomi·</strong></span> 
     </span>
    </p>
   </div>
   <div class='ocr_carea' id='block_1_3' title="bbox 943 4158 1000 4250">
    <p class='ocr_par' dir='ltr' id='par_1_6' title="bbox 943 4158 1000 4250">
     <span class='ocr_line' id='line_1_42' title="bbox 943 4158 1000 4250; baseline -0.053 -24"><span class='ocrx_word' id='word_1_357' title='bbox 943 4158 1000 4250; x_wconf 77' lang='lat'><strong>39.</strong></span> 
     </span>
    </p>
   </div>
   <div class='ocr_carea' id='block_1_4' title="bbox 0 0 1405 4674">
    <p class='ocr_par' dir='ltr' id='par_1_7' title="bbox 0 0 1405 4674">
     <span class='ocr_line' id='line_1_43' title="bbox 0 0 1405 4674; baseline 0 0"><span class='ocrx_word' id='word_1_358' title='bbox 0 0 1405 4674; x_wconf 95' lang='lat' dir='ltr'><strong> </strong></span> 
     </span>
    </p>
   </div>
  </div>
 </body>
</html>
