2716 4686
256 393 294 460 r.
321 367 565 462 vscerum
589 391 871 464 seinamma.
1054 394 1103 491 89

52 511 219 580 contendat.
250 513 388 604 Cognita
424 535 503 602 ergo
533 512 682 601 quaedam
708 514 803 579 Philo
836 514 1003 598 concedit,
1033 539 1106 605 qum

52 620 299 708 comprehensiva
321 620 488 709 phantasia
509 619 739 710 percipiantur.
760 623 837 686 Haec
859 637 968 687 antem
990 645 1106 688 secun·

52 724 118 789 dum
137 725 243 814 ipsum
264 748 301 790 ea
319 741 387 808 est,
409 748 482 814 quse
499 723 640 812 ‹ffenur
654 727 696 790 ab
714 749 751 791 eo
773 726 934 817 quod‘est.
950 728 1107 794 Videatur

52 833 135 921 igitur
158 833 251 898 Philo
270 833 338 914 jam
361 833 593 922 Peripateticus
611 835 720 922 potius
747 857 845 923 quam
863 835 1106 918 ¹Academicus,
1183 845 1188 860 '

52 961 138 1026 quum
154 957 186 1005 et
203 961 372 1016 assensum
387 962 456 1004 non
472 940 624 1023 retineat,
644 955 678 1004 et
692 957 845 1030 percepta
863 941 1036 1024 concedat,
1052 966 1108 1007 co·

52 1046 187 1134 gnitaque
198 1045 240 1110 ab
256 1045 431 1135 incognitis
444 1061 590 1111 secernat
600 1061 699 1136 atque
715 1045 934 1130 discriminet,
952 1049 1027 1113 licet
1039 1071 1108 1112 non

52 1151 94 1216 tta
107 1151 315 1236 certisssima,
344 1168 378 1217 et
400 1175 474 1240 quae
501 1173 608 1217 errare
625 1175 808 1243 numquam
832 1153 953 1244 possit,
982 1154 1109 1220 Stoico·

52 1277 112 1320 rum
128 1273 212 1322 nota.

86 1363 134 1448 67.
152 1363 230 1428 Haec
258 1385 363 1452 quum
386 1363 580 1429 Academica
598 1380 631 1428 et
647 1363 849 1444 Carneadea,
865 1365 968 1430 immo
986 1382 1019 1430 et
1035 1366 1108 1431 Pia-

53 1468 159 1546 tonics,
171 1483 210 1534 ut
226 1469 284 1560 qui
296 1491 365 1534 non
375 1469 484 1558 plures
500 1492 568 1534 una
576 1468 747 1535 Academia
762 1469 862 1537 fuisse
881 1473 973 1544 soteri
992 1472 1109 1554 vellet,

52 1597 108 1639 csse
123 1575 265 1660 diceret3
291 1592 510 1666 preterquam
532 1577 624 1665 quod
645 1577 804 1645 mendacii
826 1579 867 1643 ab
892 1581 1055 1645 Antiocho
1078 1595 1112 1644 et

52 1678 149 1746 Stoicis
166 1697 335 1748 accusatus
353 1683 504 1748 convinci
526 1683 723 1772 putabatur,
743 1685 800 1772 qui
816 1703 1001 1750 commenta
1015 1709 1073 1749 sua
1092 1709 1111 1750 a

52 1786 128 1850 nullo
144 1805 238 1852 antea
254 1788 526 1853 Academicorum
545 1788 632 1852 dicta
653 1807 831 1877 exponeret
850 1808 883 1856 et
907 1813 968 1880 pro
984 1791 1111 1856 Acade·

52 1892 128 1956 micis
149 1893 348 1974 venditorem
366 1917 427 1958 nec
444 1895 508 1960 isto
526 1893 661 1983 quidem
684 1892 785 1958 modo
807 1897 993 1966 Stoicorum
1004 1897 1110 1987 jurgia

52 2012 79 2059 et
92 1999 166 2064 rixas
190 1999 379 2088 effugiebat.
399 2001 466 2080 Qui
481 2016 608 2086 partem
621 1999 709 2062 illam
729 1998 926 2068 definitionis
945 2003 1110 2068 mordicus

52 2115 202 2182 tmentes,
219 2102 311 2166 Nihil
319 2124 389 2167 esse
399 2102 567 2192 cognitum
580 2117 613 2166 et
626 2105 899 2191 comprehensum
911 2108 1110 2190 clamabant,

52 2208 96 2270 cni
109 2209 158 2274 iiia
173 2209 385 2298 potissimum
408 2231 482 2298 pars
501 2231 569 2272 non
589 2210 795 2294 conveniret,
813 2229 910 2302 atque
932 2216 976 2279 ita
998 2216 1110 2280 Philo·

53 2333 131 2396 nem,
145 2315 202 2402 qui
219 2312 308 2378 illam
331 2311 554 2390 conditionem
576 2314 658 2389 nulli
681 2337 839 2404 umquam
865 2321 911 2383 rei
936 2322 1111 2386 convenire

53 2438 133 2503 posse
149 2419 346 2501 affirmaret,
361 2419 484 2484 nullam
499 2441 567 2482 rem
586 2419 707 2508 percipi
727 2420 852 2506 dicere,
871 2424 1111 2514 discrimenque
1153 2407 1156 2412 ¹

52 2520 193 2615 incogniti
208 2540 244 2588 et
256 2523 379 2613 cogniti
393 2523 516 2589 tollere.
530 2523 643 2588 Cicero
660 2523 708 2612 (r)
724 2548 732 2589 τ
752 2557 765 2583 ι
781 2528 875 2594 Philo
889 2548 1015 2614 autem,
1029 2532 1110 2597 dum

53 2649 122 2694 nora
135 2629 284 2720 quaedam
297 2645 501 2711 commoret,
518 2629 608 2717 quod
621 2651 657 2694 ea
667 2635 827 2698 sustinere
838 2636 890 2699 vix
900 2653 1028 2726 poterat
1038 2659 1111 2725 quas

53 2759 150 2808 contra
170 2743 445 2810 Academicorum
467 2743 678 2832 pertinaciam
700 2743 918 2826 dicebantur,
946 2759 979 2806 et
1000 2759 1111 2832 aperte

53 2849 212 2931 mentitur,
228 2868 268 2916 ut
284 2867 334 2916 est
351 2850 567 2939 reprehensus
582 2873 601 2914 a
616 2866 707 2940 patre
724 2849 858 2932 Cautio,
876 2865 925 2932 et,
944 2865 983 2913 ut
999 2847 1113 2913 docuit

53 2953 238 3040 Antiochus,
252 2937 458 3046 inidipsum
471 2979 506 3022 se
516 2955 624 3020 induit
637 2955 729 3044 quod
740 2955 885 3028 timebat.
900 2955 1013 3038 Quum
1024 2956 1112 3020 enirn

54 3057 89 3123 its
108 3079 240 3152 negaret
267 3061 448 3152 quidquam
476 3084 545 3127 esse
572 3061 663 3150 quod
680 3060 914 3150 comprehendi
936 3077 1062 3149 posset,
1086 3061 1113 3124 si

55 3183 139 3250 esset,
154 3169 241 3234 sicut
256 3169 347 3232 Zeno
365 3167 531 3250 definiret,
549 3173 657 3232 visum
667 3170 847 3257 impressum
858 3166 1057 3255 effictumque
1071 3191 1112 3230 ex

53 3292 82 3332 ω
97 3275 287 3360 prodesset,
309 3273 407 3362 quale
422 3297 488 3338 esse
504 3297 568 3338 reon
578 3287 690 3363 posset
703 3297 749 3337 ex
768 3296 805 3337 eo
822 3271 912 3361 quod
927 3295 994 3336 non
1011 3287 1109 3356 esset,

54 3377 82 3442 id
93 3405 148 3448 nos
169 3386 340 3449 aZenone
356 3381 530 3449 definitum
554 3384 732 3450 rectissime
756 3381 904 3447 dicimus.
934 3381 1002 3465 Qui
1024 3383 1113 3448 enim

53 3503 149 3570 potest
165 3488 348 3578 quidquam
370 3487 626 3578 comprehendi,
652 3504 691 3552 ut
708 3488 802 3576 plane
819 3485 965 3552 confidas
985 3486 1020 3553 id
1038 3511 1114 3577 per·

55 3610 170 3680 ceptum
186 3595 424 3686 cognitumque
440 3615 525 3677 esse,
546 3593 637 3683 quod
652 3609 704 3658 est
722 3594 803 3676 tale,
821 3595 916 3682 quale
929 3595 980 3658 vel
996 3594 1113 3658 falsum

55 3716 114 3761 csse
129 3700 255 3788 possit?
270 3701 344 3766 Hoc
357 3723 468 3788 ,quum
491 3699 637 3766 infirmat
652 3699 802 3788 tollitque
819 3699 935 3784 Philo,
952 3699 1112 3780 judicium

55 3801 129 3868 tollit
143 3803 301 3896 incogniti
329 3821 362 3870 et
390 3807 523 3897 cogniti.
555 3807 604 3871 Ex
629 3827 696 3895 quo
717 3805 877 3888 officitur,
905 3803 995 3872 Nihil
1017 3827 1113 3897 posse

55 3912 283 3998 comprehendi.
306 3913 357 3978 Ita
380 3911 571 4003 imprudens
594 3935 657 3992 ec,
685 3936 754 4002 quo
782 3913 917 3978 minime
941 3911 1031 3994 vult,
1060 3933 1112 3974 re-

56 4011 218 4083 solvitur».

87 4153 121 4220 (¹)
137 4159 287 4232 Inhqrnlio,
300 4178 354 4227 cap.
364 4163 391 4214 6.
430 4125 434 4128 -
