2776 4688
274 361 316 434 16
365 437 366 440 ,
508 362 556 430 IN
578 359 818 430 CICERONIS
840 359 1110 434 ActDEtucl

269 503 408 550 numero
438 482 622 547 mutationis
651 483 731 569 poni
762 501 857 568 posse
885 480 1021 547 videtur.
1055 485 1255 572 Exposuerat
1285 489 1333 556 sic

268 592 401 680 quidem
434 589 469 652 in
502 587 664 675 prioribus
697 585 896 650 Academicis
927 589 1111 677 principum
1145 595 1332 662 recentioris

267 695 447 764 Academias
465 692 656 773 sententiam
678 690 736 756 sed
755 693 907 757 omiserat
929 716 1023 776 eum,
1044 697 1102 783 qui
1122 721 1196 763 vere
1215 720 1332 767 auctor

265 821 299 868 et
308 824 422 893 parens
431 799 528 879 hujus
540 795 716 862 Academiae
725 796 788 862 dici
797 797 973 886 haberique
983 818 1134 884 meretur,
1143 805 1331 886 Arcesilam,

265 911 300 974 in
318 909 409 987 cujus
426 904 584 970 sententia
599 903 754 992 pleraque
772 905 899 985 omnia,
922 927 994 991 quae
1012 904 1130 972 deinde
1148 909 1330 977 Carneades

265 1031 298 1080 et
311 1013 402 1078 Philo
414 1009 547 1073 uberius
560 1023 592 1071 et
605 1007 796 1071 concinnius
809 1006 1031 1096 disputabant,
1043 1033 1150 1099 neque
1161 1029 1327 1103 tamquam

262 1122 297 1184 in
315 1141 397 1200 ovo,
422 1115 480 1181 sed
502 1113 576 1178 satis
601 1113 772 1201 explicate,
798 1127 830 1178 et
855 1136 923 1177 non
947 1115 1016 1180 sine
1037 1138 1154 1206 magno
1177 1121 1330 1186 acumine

261 1222 443 1313 proposita,
466 1217 725 1283 continebantur.
747 1216 847 1300 Quod
868 1217 974 1307 ipsum
995 1219 1089 1284 latius
1111 1219 1226 1286 docere
1243 1247 1329 1314 opus

261 1328 343 1394 nihil
356 1343 420 1408 est,
435 1347 539 1414 quum
549 1321 635 1388 idem
650 1346 688 1387 ex
702 1323 1044 1412 qamvisPltilosophite
1056 1326 1204 1409 historia,
1217 1330 1328 1416 paullo

260 1434 441 1500 accuratius
467 1431 603 1518 scripta,
631 1427 750 1494 horum
780 1429 924 1494 virorum
953 1442 1143 1512 φιλοσοφούμενα
1168 1432 1327 1500 intentius

260 1554 466 1628 comparante
487 1536 576 1600 facile
598 1550 732 1622 pateat:
757 1535 831 1600 satis
854 1534 953 1623 igitur
973 1534 1084 1600 iecisse
1107 1554 1276 1626 putamus,
1299 1543 1328 1604 si

258 1645 481 1714 Tennemanni
500 1641 610 1706 Gesclt.
630 1641 662 1707 d.
681 1641 798 1706 Plu'los.
817 1657 898 1706 tom.
916 1642 961 1706 lV
976 1642 1324 1712 commendaverimus.

258 1750 307 1819 Ex
330 1777 370 1818 eo
392 1752 506 1840 igitur,
528 1747 619 1837 quod
636 1749 691 1814 illa
714 1748 863 1813 Arcesilas
886 1749 1046 1813 sententia
1067 1773 1134 1816 non
1153 1755 1326 1840 separatim

256 1853 388 1924 tractata
405 1873 504 1938 esset,
525 1851 739 1944 praeterquam
762 1853 853 1941 quod
875 1869 966 1918 tanto
988 1855 1058 1918 viro
1079 1856 1325 1942 quodammodo

257 1964 371 2047 injuria
393 1963 506 2035 fiebat,
524 1983 643 2049 vagum
661 1961 756 2025 etiam
774 1959 930 2048 quiddam
946 1976 1014 2024 tota
1032 1983 1141 2025 rerum
1159 1966 1326 2049 tractatio,

256 2069 405 2134 subtilius
444 2067 513 2130 haec
550 2065 736 2146 aestimanti,
773 2087 842 2128 non
877 2079 1025 2153 poterat,
1058 2067 1137 2154 quin
1169 2069 1324 2138 traheret.

257 2176 321 2240 Tot
342 2188 432 2238 erant
449 2188 481 2236 et
496 2171 626 2258 placita,
650 2187 683 2233 et
701 2169 863 2257 exempla,
883 2170 917 2232 in
934 2171 1045 2258 primis
1065 2172 1099 2234 in
1122 2171 1189 2252 ejus
1208 2193 1326 2240 contra

256 2303 410 2348 sensuum
428 2278 526 2344 iidem
543 2277 731 2367 disputatis,
752 2299 825 2365 quas
841 2277 1019 2342 Carneades
1040 2295 1073 2343 et
1090 2279 1184 2344 Philo
1199 2281 1240 2346 ab
1257 2283 1326 2350 hoc

255 2405 385 2476 accepta
408 2386 593 2466 habebant,
620 2385 723 2472 iisque
752 2384 802 2447 vel
829 2384 1015 2472 simpliciter
1045 2386 1240 2468 utebantur,
1271 2391 1325 2454 vel

254 2493 398 2582 paullum
415 2491 609 2572 immutatis,
630 2509 772 2576 quorum
792 2489 882 2571 lons,
902 2489 990 2554 unde
1008 2487 1103 2556 ducta
1122 2509 1244 2575 essent,
1262 2512 1325 2560 aut

254 2601 352 2664 latere
371 2599 417 2662 sic
436 2596 590 2677 debebat,
609 2610 668 2658 aut
688 2616 771 2683 soepe
793 2593 883 2682 quasi
905 2617 923 2658 e
946 2595 1126 2684 longinquo
1149 2619 1324 2664 common·

253 2702 403 2768 strandus
425 2718 504 2767 erat.
531 2699 615 2764 lllud
638 2721 733 2780 sane,
759 2721 798 2764 ex
822 2699 891 2787 ipsa
915 2699 961 2763 rei
986 2716 1098 2764 natura
1115 2701 1321 2787 judicatum,

252 2811 441 2897 nescioquo
456 2805 557 2871 modo
574 2827 607 2870 se
624 2806 735 2886 nobis,
754 2805 1022 2893 quotiescumque
1040 2807 1212 2871 Lucullum
1227 2807 1321 2896 lege·

251 2917 382 2993 bamus,
405 2931 571 3000 tamquam
593 2911 816 2999 reprobatum
837 2911 972 2994 obtulit3
991 2910 1090 3000 idque
1111 2914 1317 2998 tumeliam,

251 3044 354 3110 quum
378 3043 416 3083 ex
444 3019 514 3082 solo
537 3016 644 3080 adhuc
667 3039 765 3080 sensu
784 3015 941 3096 judiciuin
965 3033 1114 3080 nostrum
1138 3037 1319 3110 regeretur.

250 3129 365 3216 Neque
387 3125 480 3188 iacile
499 3121 617 3188 certius
637 3119 717 3209 quid
740 3143 775 3185 ea
799 3120 840 3186 de
860 3143 895 3184 re
916 3137 1055 3188 statuere
1076 3122 1184 3200 liccat,
1210 3149 1317 3212 quum

249 3232 390 3312 nescias,
405 3251 502 3316 quam
513 3228 574 3291 hac
584 3249 622 3290 ex
631 3241 720 3312 parte
729 3242 843 3290 auctor
855 3225 889 3287 in
902 3225 1016 3290 Catulo
1028 3226 1185 3292 rationem
1196 3229 1318 3297 inierit.

250 3339 340 3415 Huc,
358 3351 395 3398 ut
417 3335 477 3396 alia
494 3333 728 3418 transmittam,
748 3329 782 3394 id
802 3346 887 3394 certe
908 3330 1067 3418 pertinet,
1088 3332 1179 3420 quod
1201 3352 1319 3402 auctor

249 3441 372 3505 Lucull.
396 3437 453 3518 25,
475 3459 534 3524 79,
552 3439 621 3525 ipse
644 3438 777 3516 fatetur,
800 3435 910 3516 «heri,
930 3457 997 3499 non
1020 3439 1198 3502 necessario
1220 3439 1316 3524 loco,

248 3563 361 3611 contra
381 3565 492 3607 sensus
514 3557 580 3606 tam
601 3540 702 3606 multa
725 3561 758 3604 se
782 3538 931 3605 dixisse».
952 3540 992 3605 ld
1012 3558 1121 3606 autem
1142 3544 1254 3632 inique
1277 3569 1315 3611 se

248 3649 412 3730 obtrudit,
429 3646 519 3735 quod
537 3649 631 3711 toties
650 3647 684 3709 in
700 3646 837 3710 Lucullo
857 3647 1001 3729 Arcesilas
1019 3649 1141 3713 mentio
1158 3650 1314 3736 injicitur,
1368 3695 1369 3698 =

247 3757 373 3845 quoties
389 3755 442 3818 vix
454 3752 575 3817 factum
592 3769 691 3833 esset,
708 3752 734 3815 si
752 3751 847 3831 hujus
861 3751 1072 3841 philosophiae
1088 3756 1171 3820 ratio
1185 3779 1314 3844 separa-
1367 3785 1368 3798 ¹

245 3866 304 3930 tim
330 3861 472 3950 exposita
496 3855 593 3922 essem
618 3858 656 3923 ld
690 3857 822 3947 quidem
853 3858 1041 3924 Ciceronem
1070 3860 1103 3923 in
1129 3863 1312 3949 posteriore
1366 3891 1367 3904 ¹

244 3969 385 4034 editione
403 3966 530 4048 fecisse,
551 3978 621 4028 tum
645 3987 683 4028 ex
708 3964 777 4044 lais,
801 3987 872 4051 quaa
896 3963 1051 4046 diximus,
1078 3982 1148 4030 tum
1175 3989 1213 4030 ex
1238 3969 1312 4033 aliis

246 4071 439 4162 quibusdam
467 4069 662 4160 argumentis
692 4069 807 4150 conjici
834 4091 928 4158 posse
956 4087 1119 4158 putamus.
1156 4073 1310 4156 Quorum
