2748 4670
270 351 517 476 retourne.
540 406 577 491 1,
601 405 734 476 unm
754 405 807 489 n,
831 401 885 475 16.
1035 397 1104 476 305

48 545 197 614 stremo,
215 541 259 599 ut
279 526 402 598 eadem
421 527 515 598 sint?
531 535 592 615 ut,
614 528 645 597 si
662 526 738 624 lupi
761 525 939 598 canibus⁹
953 527 1107 615 similes,

51 639 192 712 eosdem
223 637 322 710 dices
359 636 404 706 ad
441 651 653 708 extremum.
699 641 744 708 Et
774 634 922 732 quidem
949 635 1110 708 honestis

51 750 171 820 similia
185 763 272 819 sunt
284 746 448 844 quaedam
463 770 538 816 non
553 746 705 818 honesta
716 800 726 832 ,
738 761 775 818 et
788 744 895 818 bonis
912 771 984 818 non
998 746 1110 830 bona,

52 877 83 932 et
98 857 300 931 artificiosis
320 857 469 927 minime
487 855 688 928 artificiosa.
705 855 802 946 Quid
820 855 1029 929 dubitamus
1040 859 1111 956 igi·

51 987 105 1042 tur
130 967 331 1055 affirmare,
360 966 450 1037 nihil
478 971 574 1038 inter
601 966 676 1038 haeo
703 968 899 1038 interesse?
923 971 975 1038 Ne
1003 991 1112 1064 repu-

53 1082 195 1179 gnantia
219 1076 370 1176 quidem
399 1076 632 1149 videmus¹⁰l
655 1075 747 1147 nihil
774 1089 829 1147 est
859 1077 978 1163 enirn,
1013 1075 1113 1172 quod

54 1191 94 1263 de
115 1215 185 1262 sno
210 1201 345 1286 genere
369 1183 407 1258 in
425 1186 522 1258 aliud
545 1211 658 1284 genus
678 1184 861 1258 transferri
881 1186 1002 1284 possit.
1023 1188 1070 1257 At
1086 1185 1115 1256 si

55 1301 311 1386 efficeretur¹¹,
323 1312 365 1369 ut
379 1298 474 1368 inter
488 1298 563 1368 visa
576 1294 821 1368 differentium
837 1320 1009 1393 generum
1026 1293 1117 1365 nihil

55 1418 255 1510 interesset,
271 1411 528 1505 reperirentur,
544 1431 625 1504 quae
641 1420 677 1478 et
691 1408 729 1476 in
747 1429 814 1476 suo
828 1429 961 1503 genere
978 1419 1116 1492 essent,

58 1537 88 1592 et
100 1526 138 1592 in
152 1519 293 1607 alien03
308 1516 408 1616 quod
423 1514 502 1589 fieri
517 1522 581 1614 qui
594 1517 736 1616 potest?
753 1517 928 1587 Omnium
942 1527 971 1560 ¹²
987 1513 1118 1586 deinde
1137 1531 1168 1584 ει

56 1634 213 1703 inanium
231 1633 394 1700 visorum
412 1651 485 1699 uua
506 1625 671 1725 depulsio
693 1623 801 1714 est¹³,
818 1627 892 1698 sive
911 1626 972 1698 illa
989 1625 1120 1722 cogita·

59 1855 81 1902 id
94 1854 229 1904 internosci
248 1849 382 1900 difficiliter
399 1852 510 1916 possit».
534 1851 566 1901 G.
605 1851 753 1918 pligratia,
766 1850 798 1913 si,
814 1851 975 1916 diei,spoute
987 1851 1118 1914 pstet.Ce-

91 1951 114 1998 9.
130 1937 162 1982 Ut
172 1933 230 1982 eud.
243 1931 311 1979 sint?
324 1941 366 1990 ut,
384 1929 406 1979 si
425 1929 478 1996 iupi
494 1931 565 1978 enni·
608 1939 686 1979 terum
706 1929 767 1978 besse
780 1945 794 1977 e
806 1930 915 1979 Plstonis
934 1929 1060 1994 Sophiste,
1076 1930 1118 1986 Π,

60 2014 98 2062 trs
109 2015 214 2071 similes,
224 2011 321 2060 eosdem
334 2011 407 2060 dices.
423 2013 452 2058 Iu
464 2011 503 2058 his
514 2021 565 2058 tus·-
610 2025 670 2072 ²²92
680 2010 735 2084 Bip.
745 2019 828 2058 mouet
844 2011 871 2058 P.
882 2009 967 2069 Fsber,
977 2008 1119 2056 mensuetis·

60 2091 114 2139 bsnt
127 2103 152 2140 et
162 2091 301 2149 seriboe,et
310 2089 367 2137 W.
383 2089 440 2137 DD.
452 2087 495 2137 sed
504 2087 566 2136 utri-
609 2089 676 2136 simte
697 2088 723 2136 h.
741 2088 759 2136 l.
778 2087 876 2146 bestioe,
894 2088 1022 2138 domiturre
1041 2089 1120 2152 imps-

61 2189 104 2234 que
114 2169 253 2235 seperatim.
261 2167 351 2232 Scripsi
360 2167 464 2215 uesmei
470 2178 495 2215 et
505 2168 563 2216 viu.
609 2169 708 2216 rientem
722 2168 827 2232 opponi.
842 2169 875 2216 G.

61 2251 145 2314 prioris
154 2249 260 2307 utloeo,
270 2256 316 2294 aur
328 2245 461 2304 exhibent,
471 2255 499 2294 ut
511 2245 566 2294 reli·
648 2263 687 2296 ιο.
709 2248 748 2295 Ne
760 2245 925 2312 repugnantia
937 2245 1033 2311 quidem
1046 2242 1120 2296 vide·

62 2331 100 2394 qui
118 2329 168 2376 duo
184 2343 244 2376 eum
261 2321 355 2390 dante
372 2325 530 2389 posteriorem
543 2335 568 2372 et
610 2331 686 2374 neus?
702 2326 781 2374 Vertit
801 2326 942 2387 Crutillou,
968 2328 1037 2390 qussi
1059 2342 1122 2380 esset

62 2407 158 2456 sdduut.
167 2409 306 2470 Utrumque
316 2414 400 2453 eontrs
412 2404 461 2451 loei
472 2415 568 2452 seuten-
612 2422 723 2454 nenne:
750 2405 953 2470 «N'upereesone
968 2433 978 2443 -
993 2423 1057 2458 nous
1079 2425 1122 2474 pse

63 2488 126 2534 tiam.
138 2489 174 2534 At
186 2483 271 2533 Lssub.
289 2494 315 2530 ut
327 2482 391 2530 idem
404 2481 449 2542 rie,
463 2483 526 2545 legi,
544 2493 569 2530 et
611 2485 688 2534 meme
707 2485 743 2534 les
765 2485 999 2534 eoutmdietioust·
1018 2490 1079 2536 llteo
1097 2499 1123 2538 et

61 2577 116 2629 post
127 2565 246 2622 cunibus,
260 2562 311 2610 sint
325 2561 484 2623 iuterijubet.
499 2562 570 2610 Prius
612 2565 736 2629 sequentis
748 2579 793 2628 per
807 2565 882 2613 incise
899 2564 948 2612 dici
963 2577 1033 2630 putet
1051 2569 1123 2618 Goer.

63 2646 142 2694 eedem
155 2661 188 2693 ex
208 2644 317 2702 ratione,
331 2659 379 2708 qus
391 2645 501 2708 proxime
514 2655 570 2691 sute
613 2645 679 2693 nude
701 2646 769 2708 signs
791 2645 924 2694 inuisosssm
943 2646 1047 2706 sdjeeit,
1067 2650 1122 2699 sio:

63 2725 142 2775 Duris.
161 2723 259 2791 possint
276 2725 392 2772 correxit.
415 2722 463 2771 Sed
485 2723 572 2772 transit
620 2726 769 2771 ‹intes-esse.
787 2749 822 2760 —
844 2722 883 2770 Ne
905 2735 1006 2786 repugu.
1025 2724 1124 2788 quidem

63 2816 146 2854 suetos·
169 2805 259 2852 ultimo
285 2803 333 2851 lroo
357 2802 571 2866 argumentationis
614 2803 710 2851 rid.—
721 2799 790 2849 Nihil
804 2801 1126 2866 est.....possit.-Atsi

64 2884 276 2947 membrorepeute
283 2881 314 2929 sd
321 2881 428 2946 plurium
436 2891 571 2940 numerurm
614 2879 820 2930 efficeretur...et
830 2880 857 2928 iu
869 2878 1064 2946 slieno...quod
1072 2881 1126 2932 fieri

64 2973 100 3019 ut,
110 2977 184 3024 quum
195 2971 279 3020 untes,
290 2959 384 3024 singnis
394 2959 444 3007 viss
455 2959 573 3023 cogitent,
616 2961 659 3025 qui
674 2961 773 3024 potest?
790 2979 801 3001 ι

65 3041 197 3105 simplioem
211 3039 342 3104 posuisset,
353 3041 403 3100 ism
412 3036 574 3087 multitudiuis
656 3054 696 3086 ιι.
706 3041 741 3086 At
756 3035 779 3085 si
791 3036 935 3108 efficeretur.
948 3037 1053 3108 Efficere
1067 3059 1127 3106 pre.

64 3135 164 3169 numero
191 3117 366 3167 somnisutium
391 3115 442 3164 viss
464 3116 574 3164 omnium
619 3115 696 3165 bandi
717 3131 804 3174 oensu,
824 3127 849 3164 et
868 3117 972 3181 optativi
986 3120 1128 3182 greeilooo

65 3199 290 3265 comprehenderet.
303 3197 390 3260 Neque
403 3206 456 3256 est,
469 3207 498 3244 ut
511 3195 576 3256 ejus·
619 3197 727 3262 ponitur.
740 3195 834 3243 Eodem
846 3195 922 3244 ruodo
933 3199 1019 3261 prucis
1035 3211 1093 3264 post
1103 3219 1128 3251 v.

66 3280 130 3328 modi
139 3279 239 3329 numeri
253 3277 378 3342 eunllsgen
388 3278 460 3325 toties
477 3276 576 3324 obviem
620 3274 781 3340 reperirentur
790 3276 900 3341 optstive
909 3274 1001 3325 dietum
1015 3289 1058 3329 est.
1077 3281 1109 3330 G.

66 3361 147 3409 multis
160 3359 337 3414 defendamus.
358 3357 395 3405 ei.
410 3355 504 3421 Wopk.
521 3371 577 3421 psg.
660 3371 700 3406 sn.
723 3354 838 3404 Omnium
863 3353 958 3404 deinde.
980 3357 1074 3407 Deinde
1094 3377 1131 3412 ne·

68 3439 101 3487 to
116 3457 167 3504 seq.
182 3439 242 3487 coll.
258 3435 382 3485 Bremisd
396 3436 449 3484 rin.
464 3437 500 3494 11,
514 3451 539 3498 7,
552 3451 578 3500 p.
622 3433 726 3498 spondet
741 3431 849 3498 verbius
871 3441 926 3495 ⁴92
950 3457 963 3476 ι
981 3437 1132 3502 Etpriruum

70 3519 125 3568 rto.
143 3515 222 3582 Quod
242 3507 322 3564 suieru
341 3515 406 3563 idern
427 3514 511 3564 Inruit.
531 3512 581 3562 sint
622 3513 755 3576 quidemn.
768 3513 928 3576 Prsreigitur
941 3515 998 3564 Eru.
1012 3527 1068 3567 sute
1079 3537 1133 3568 ens·

68 3597 199 3659 addimit,
211 3595 241 3644 id
254 3594 316 3643 uilril
326 3610 423 3642 necesse
430 3585 481 3642 eei:
500 3593 579 3658 inpri·
623 3591 691 3641 nium
701 3592 756 3642 eolo
767 3593 929 3657 interpunxit.
942 3597 973 3644 G.

68 3675 199 3742 suisquusu
211 3673 299 3724 sintex
314 3673 432 3738 proximis
446 3673 471 3720 iu
482 3671 581 3720 lectoris
662 3675 704 3722 rt.
714 3671 831 3720 Inaniurn
843 3671 952 3722 visorun's
964 3691 1015 3724 urta
1027 3677 1136 3742 depulsio

68 3754 148 3803 sdlrue
161 3755 233 3821 quasi
250 3752 351 3802 auribus
361 3753 461 3800 hsrrsst.
476 3749 582 3802 Addidit
624 3761 668 3800 ert.
680 3753 730 3799 lut.
749 3765 798 3797 uus
812 3762 850 3799 est
861 3754 987 3817 responsio
1001 3771 1049 3819 que
1063 3771 1135 3820 ergu-

69 3832 236 3884 sintlifslsem.
245 3831 581 3896 DeniqueWopkeus,1.ect.
625 3841 733 3878 mentum
754 3839 859 3878 trseturu
882 3849 913 3880 ex
929 3833 1044 3882 insuibns
1064 3835 1136 3896 visis,

68 3911 136 3960 Tull.
145 3927 200 3978 psg.
217 3912 269 3975 96,
279 3911 344 3958 dices
354 3911 380 3958 in
391 3909 460 3958 dieas
473 3919 583 3968 mutuus,
626 3925 648 3956 e.
661 3923 695 3972 gr.
709 3909 772 3957 cotto
783 3911 918 3971 coturnice,
930 3924 976 3962 ete.
986 3913 1138 3978 repellemus,

70 3991 119 4045 sibi
132 3991 184 4056 ipse
194 3990 318 4038 dissimilis
336 3989 414 4038 ssetus
427 3999 464 4037 est
475 4005 501 4054 p.
517 3989 583 4047 tot,
626 3989 709 4036 Vertit
727 3986 863 4038 Castiilon:
887 3991 918 4040 ci
937 4002 1018 4042 tontes
1035 3992 1070 4047 les
1084 3991 1139 4040 illu-

71 4069 117 4120 uhi
128 4070 211 4118 uultis
223 4069 285 4118 loeis
293 4068 359 4117 hene
373 4067 450 4117 iuturi
464 4068 583 4117 rstiouem
627 4067 694 4118 eious
709 4067 836 4131 produites
854 4085 900 4135 psr
917 4069 1104 4134 l'intsgiustiou,
1121 4069 1143 4122 il

71 4159 140 4197 reete
148 4147 266 4198 defendit.
283 4147 331 4208 tn,
344 4147 366 4195 si
377 4163 436 4196 sero
444 4163 491 4214 pro
500 4161 584 4196 enerr-
629 4145 691 4197 u'est
704 4147 794 4212 qu’uue
806 4147 909 4213 re'pouse
924 4169 946 4197 ι.

146 4237 175 4309 Ῑ,
193 4253 238 4300 Cre.
248 4267 301 4316 pers
319 4251 391 4296 tertia.
925 4285 931 4300 ,
975 4259 1021 4308 20
