2770 4688
297 367 336 435 r.
352 363 589 435 versuum
613 364 894 436 scansuros.
1087 395 1134 468 29

84 504 196 579 quontm
222 485 415 552 aduersitate
439 484 618 550 delitescere
641 484 795 569 volubse,
827 486 979 552 Lucullus
1007 492 1070 575 ait,
1100 494 1135 560 id
1192 480 1194 489 ¹

83 591 229 679 ejusmodi
249 609 327 657 est:
350 613 428 654 nam
445 613 547 679 quum
567 589 722 656 Arcesilas
743 591 920 675 ambitiosi,
941 596 1082 661 novandi
1098 621 1136 665 ac

80 697 284 763 calumniandi
294 695 396 761 studii
407 694 559 760 invidiam
570 695 731 761 declinare
741 695 786 785 (1)
798 714 941 786 cuperet,
951 723 1017 764 non
1028 703 1135 768 solum

78 805 237 868 aSocrate
266 803 484 888 Platoneque,
513 821 596 888 quoa
625 801 794 890 magistros
821 801 978 886 jactabat,
1004 828 1038 870 se
1067 831 1135 873 non

78 909 238 975 descivisse
253 907 426 974 ostendere
439 908 631 990 conabatur,
646 907 703 973 sed
719 923 752 972 et
766 908 976 997 physicorum
990 913 1136 1002 philoso-

77 1017 228 1105 phorum,
252 1017 311 1104 qui
332 1015 470 1080 Socratis
494 1030 586 1079 astate
605 1015 789 1104 superiores
811 1015 963 1098 fuerunt,
982 1020 1136 1101 majorem

76 1139 191 1211 partem
201 1145 263 1211 pro
278 1143 352 1203 sua,
364 1121 429 1185 sive
440 1119 549 1209 potius
561 1121 737 1208 Pyrrhonis
748 1121 936 1210 acatalepsia
948 1124 1137 1214 epocheque
1215 1207 1218 1214 Ι

78 1229 193 1295 citabat.
218 1226 320 1310 Quod
340 1249 408 1290 non
429 1225 566 1290 candide
585 1242 642 1291 aut
661 1227 749 1292 bono
770 1227 879 1292 animo
899 1229 1032 1318 abipso
1052 1229 1138 1316 lieri,

78 1336 128 1424 qui
152 1351 230 1400 tunc
260 1349 353 1398 erant
385 1334 534 1422 sophistae
567 1334 861 1423 interpretabantur
883 1334 952 1424 (a),
980 1336 1138 1426 illumque

79 1441 301 1506 insimulabant
331 1439 423 1527 quasi
449 1438 582 1528 propria
610 1462 648 1503 ac
683 1439 816 1504 minime
844 1441 978 1529 antiqua
1010 1441 1138 1510 decreta

80 1548 208 1636 antiquis
221 1563 254 1610 et
267 1545 445 1610 illustribus
456 1545 551 1627 viris,
565 1545 687 1610 Socrati
700 1563 732 1610 et
745 1545 873 1612 Platoni
888 1546 1139 1639 Parmenidique

80 1667 165 1741 atque
182 1651 371 1716 Democrito
387 1649 573 1741 affingeret,
592 1667 630 1716 ut
649 1649 804 1716 doctrine
826 1673 893 1716 aue
912 1654 1137 1720 auctoritatem

82 1757 233 1848 fidemque
258 1754 347 1846 apud
363 1757 478 1846 vulgus
501 1757 696 1822 conciliaret.
728 1755 851 1822 Verum
871 1759 1083 1848 acatalcpsiae,
1103 1760 1139 1826 id

81 1880 137 1946 ast,
153 1864 328 1952 desperatae
348 1860 645 1951 comprehensionis
667 1859 803 1949 dogma,
822 1883 861 1924 ex
883 1863 1027 1928 Homero
1050 1865 1139 1953 ipso,

82 1970 367 2060 antiquissimisque
388 1968 455 2033 aliis
475 1968 634 2058 repetitur
650 1983 684 2031 et
706 1966 917 2032 confirmatur
934 1969 1020 2058 apud
1042 1972 1139 2038 Laer-

82 2078 152 2141 tium
171 2079 206 2142 in
227 2077 398 2165 Pyrrhone
424 2075 490 2164 (3);
516 2075 606 2164 quod
630 2075 725 2140 etiam
748 2092 781 2140 et
806 2077 919 2142 Cicero
946 2078 981 2142 in
1005 2081 1140 2147 Lucullo

81 2183 205 2271 probare
218 2180 351 2246 studet:
370 2203 511 2268 namque
527 2178 561 2244 id
574 2179 774 2245 Academicis
788 2181 941 2246 omnibus
954 2199 1028 2271 post
1040 2187 1139 2251 Arce-

83 2290 161 2354 silam
188 2289 394 2379 propositum
421 2287 522 2352 fuisse
546 2287 687 2354 videtur.
717 2288 861 2354 Multum
889 2291 987 2380 igitur
1015 2291 1139 2360 diversa

82 2397 162 2485 on'go
173 2418 283 2477 norae,
300 2395 366 2458 sive
381 2393 515 2476 mediae,
529 2392 563 2457 id
576 2409 643 2476 est,
656 2394 806 2458 Arcesilae
821 2394 1001 2462 Academiae
1016 2399 1058 2464 ab
1071 2400 1138 2466 aliis

83 2501 270 2590 philosophis
287 2500 499 2564 ambitionem
517 2515 549 2564 et
567 2501 762 2564 calumniam
778 2516 876 2588 atque
893 2505 1137 2571 contentionem

83 2607 293 2688 causantibus,
324 2621 357 2670 et
382 2606 424 2670 ab
449 2606 527 2694 ipsis
555 2603 754 2671 Academicis
784 2626 1066 2676 commemoratur.
1097 2613 1140 2676 Hi

83 2715 157 2777 enim
170 2713 216 2801 (A)
228 2736 236 2777 ε
247 2743 260 2769 ι
271 2714 356 2776 Cum
369 2713 502 2776 Zenone
512 2759 522 2793 ,
532 2725 571 2774 ut
584 2712 786 2800 accepimus,
799 2713 957 2776 Arcesilas
969 2714 1030 2777 sibi
1041 2737 1140 2782 omne

83 2835 231 2885 certamen
252 2817 412 2899 instituit,
431 2839 498 2882 non
522 2818 692 2905 pertinacia
713 2833 770 2896 aut
787 2817 895 2882 studio
915 2819 1082 2904 vincendi,
1103 2841 1141 2889 ut

84 2927 151 2990 mihi
171 2925 305 3015 quidem
322 2923 467 3006 videtur,
489 2923 546 2988 sed
567 2947 679 2988 earum
691 2945 810 2988 rerum
831 2925 1047 3009 obscuritate,
1066 2953 1139 3017 quae

83 3031 117 3094 ad
142 3033 381 3098 consessionem
410 3030 621 3121 ignorationis
654 3029 860 3095 adduxerunt
888 3031 1072 3114 Socratem,
1107 3051 1140 3100 et

83 3137 171 3204 veluti
186 3154 331 3203 amantes
350 3137 532 3218 Socratem,
549 3136 791 3214 Democritum,
811 3137 1044 3224 Anaxagoram,
1059 3139 1139 3204 Em-

84 3242 258 3328 pedoclem,
280 3264 395 3307 omnes
412 3265 504 3330 paene
521 3258 663 3323 veteres,
682 3241 740 3328 qui
762 3239 843 3303 nihil
864 3243 1033 3330 cognosci,
1059 3233 1140 3312 nihil

83 3351 210 3438 percipi,
230 3348 313 3414 nihil
330 3348 403 3413 sciri
421 3369 514 3438 posse
531 3346 698 3428 dixerunt3
714 3361 868 3435 angustos
883 3367 1014 3429 sensus,
1034 3351 1140 3418 imbe-

84 3453 160 3520 cillos
178 3455 322 3538 animos,
339 3454 449 3519 brevia
464 3454 624 3519 curricula
639 3453 727 3530 vitae,
747 3467 796 3534 et,
813 3467 851 3516 ut
865 3437 1087 3540 Democritus,
1103 3459 1137 3524 in

113 3673 148 3738 (r)
164 3674 227 3724 Vide
242 3677 353 3725 Luctant.
370 3673 455 3724 Dicin.
472 3676 533 3722 Inst.
548 3672 591 3723 lib.
605 3673 657 3736 m,
680 3671 710 3720 dc
727 3670 784 3720 salta
798 3671 932 3738 sapientia,
954 3689 1011 3740 cap.
1030 3679 1062 3738 4,
1080 3695 1136 3744 pag.

88 3775 138 3822 197,
148 3774 206 3812 tom.
217 3767 238 3812 Ι.

115 3845 150 3915 (a)
166 3851 417 3901 marchadeum
430 3850 554 3910 Colotcm,
568 3865 623 3914 pag.
642 3863 724 3908 rrar,
741 3848 767 3909 f,
782 3858 806 3896 ct
822 3863 904 3912 naa,
917 3865 939 3898 r.

118 3935 152 4003 (3)
167 3939 488 4002 videsmum‚1ib.v11‚
504 3939 619 3988 adversus
632 3937 749 3986 Mathem.
771 3933 811 4000 (r.
822 3937 879 3987 adv.
894 3933 980 4002 Log.),
997 3949 1058 3987 sect.
1073 3941 1139 4000 128,

86 4040 134 4090 μς.
146 4029 193 4093 apt
204 4045 211 4090 ;
223 4033 383 4096 llypctypos.
389 4028 432 4077 lib.
442 4031 479 4077 111
486 4062 495 4089 ‚
507 4040 565 4078 sect.
581 4035 647 4088 alls
659 4041 715 4092 ΡΒ·
724 4021 784 4088 ¹89.

117 4111 530 4184 (t)u·e.ae·s.nt.1‚cap.1s.
863 4123 869 4132 ¹
