<?xml version="1.0" encoding="UTF-8"?>
<!DOCTYPE html PUBLIC "-//W3C//DTD XHTML 1.0 Transitional//EN"
    "http://www.w3.org/TR/xhtml1/DTD/xhtml1-transitional.dtd">
<html xmlns="http://www.w3.org/1999/xhtml" xml:lang="en" lang="en">
 <head>
  <title>
</title>
<meta http-equiv="Content-Type" content="text/html;charset=utf-8" />
  <meta name='ocr-system' content='tesseract 3.04.00' />
  <meta name='ocr-capabilities' content='ocr_page ocr_carea ocr_par ocr_line ocrx_word'/>
</head>
<body>
  <div class='ocr_page' id='page_1' title='image "./mtciceronisquae01lemagoog_0043.png"; bbox 0 0 2770 4688; ppageno 0'>
   <div class='ocr_carea' id='block_1_1' title="bbox 189 321 1208 408">
    <p class='ocr_par' dir='ltr' id='par_1_1' title="bbox 189 321 1208 408">
     <span class='ocr_line' id='line_1_1' title="bbox 189 321 1208 408; baseline 0.01 -10"><span class='ocrx_word' id='word_1_1' title='bbox 189 329 601 400; x_wconf 71' lang='lat' dir='ltr'>menoeceus-r.</span> <span class='ocrx_word' id='word_1_2' title='bbox 617 331 718 402; x_wconf 77' lang='lat' dir='ltr'>ver..</span> <span class='ocrx_word' id='word_1_3' title='bbox 741 331 1021 406; x_wconf 73' lang='lat' dir='ltr'>suanenses.</span> <span class='ocrx_word' id='word_1_4' title='bbox 1095 337 1140 408; x_wconf 77' lang='lat'>23</span> <span class='ocrx_word' id='word_1_5' title='bbox 1205 321 1208 330; x_wconf 83' lang='lat'>&#39;</span> 
     </span>
    </p>
   </div>
   <div class='ocr_carea' id='block_1_2' title="bbox 14 451 1193 3720">
    <p class='ocr_par' dir='ltr' id='par_1_2' title="bbox 79 451 1143 1599">
     <span class='ocr_line' id='line_1_2' title="bbox 85 451 1142 547; baseline 0.005 -29"><span class='ocrx_word' id='word_1_6' title='bbox 85 453 245 534; x_wconf 75' lang='lat' dir='ltr'>obveniat,</span> <span class='ocrx_word' id='word_1_7' title='bbox 270 474 307 516; x_wconf 87' lang='lat' dir='ltr'>ae</span> <span class='ocrx_word' id='word_1_8' title='bbox 324 451 518 540; x_wconf 87' lang='lat' dir='ltr'>plerumque</span> <span class='ocrx_word' id='word_1_9' title='bbox 537 451 792 518; x_wconf 82' lang='lat' dir='ltr'><strong>dominationem</strong></span> <span class='ocrx_word' id='word_1_10' title='bbox 814 456 978 538; x_wconf 84' lang='lat' dir='ltr'>comitari,</span> <span class='ocrx_word' id='word_1_11' title='bbox 1001 471 1035 522; x_wconf 90' lang='lat' dir='ltr'>et</span> <span class='ocrx_word' id='word_1_12' title='bbox 1055 459 1142 547; x_wconf 82' lang='lat' dir='ltr'>apud</span> 
     </span>
     <span class='ocr_line' id='line_1_3' title="bbox 85 558 1143 650; baseline 0.007 -28"><span class='ocrx_word' id='word_1_13' title='bbox 85 559 145 624; x_wconf 92' lang='lat' dir='ltr'>illos</span> <span class='ocrx_word' id='word_1_14' title='bbox 163 579 267 646; x_wconf 86' lang='lat' dir='ltr'>penes</span> <span class='ocrx_word' id='word_1_15' title='bbox 285 577 369 646; x_wconf 88' lang='lat' dir='ltr'>quos</span> <span class='ocrx_word' id='word_1_16' title='bbox 390 579 499 621; x_wconf 90' lang='lat' dir='ltr'>rerum</span> <span class='ocrx_word' id='word_1_17' title='bbox 518 558 692 648; x_wconf 90' lang='lat' dir='ltr'>imperium</span> <span class='ocrx_word' id='word_1_18' title='bbox 709 559 750 622; x_wconf 86' lang='lat' dir='ltr'>sit</span> <span class='ocrx_word' id='word_1_19' title='bbox 765 581 875 647; x_wconf 85' lang='lat' dir='ltr'>agere,</span> <span class='ocrx_word' id='word_1_20' title='bbox 898 583 1019 650; x_wconf 87' lang='lat' dir='ltr'>eosque</span> <span class='ocrx_word' id='word_1_21' title='bbox 1037 565 1143 628; x_wconf 86' lang='lat' dir='ltr'>colere</span> 
     </span>
     <span class='ocr_line' id='line_1_4' title="bbox 83 663 1142 758; baseline 0.004 -30"><span class='ocrx_word' id='word_1_22' title='bbox 83 665 173 728; x_wconf 87' lang='lat' dir='ltr'>soleat</span> <span class='ocrx_word' id='word_1_23' title='bbox 197 663 331 751; x_wconf 88' lang='lat' dir='ltr'>(quum</span> <span class='ocrx_word' id='word_1_24' title='bbox 347 678 380 727; x_wconf 88' lang='lat' dir='ltr'>et</span> <span class='ocrx_word' id='word_1_25' title='bbox 396 663 501 728; x_wconf 86' lang='lat' dir='ltr'>ventri</span> <span class='ocrx_word' id='word_1_26' title='bbox 519 679 551 727; x_wconf 90' lang='lat' dir='ltr'>et</span> <span class='ocrx_word' id='word_1_27' title='bbox 564 663 740 728; x_wconf 86' lang='lat' dir='ltr'>ambitioni</span> <span class='ocrx_word' id='word_1_28' title='bbox 760 665 824 730; x_wconf 87' lang='lat' dir='ltr'>hoc</span> <span class='ocrx_word' id='word_1_29' title='bbox 841 666 1021 752; x_wconf 87' lang='lat' dir='ltr'>sapientum</span> <span class='ocrx_word' id='word_1_30' title='bbox 1040 691 1142 758; x_wconf 86' lang='lat' dir='ltr'>genus</span> 
     </span>
     <span class='ocr_line' id='line_1_5' title="bbox 82 767 1141 857; baseline 0.008 -27"><span class='ocrx_word' id='word_1_31' title='bbox 82 770 231 857; x_wconf 87' lang='lat' dir='ltr'>inprimis</span> <span class='ocrx_word' id='word_1_32' title='bbox 247 768 409 850; x_wconf 84' lang='lat' dir='ltr'>attendat,</span> <span class='ocrx_word' id='word_1_33' title='bbox 426 769 607 856; x_wconf 83' lang='lat' dir='ltr'>privatique</span> <span class='ocrx_word' id='word_1_34' title='bbox 619 767 783 833; x_wconf 83' lang='lat' dir='ltr'>commodi</span> <span class='ocrx_word' id='word_1_35' title='bbox 794 769 972 837; x_wconf 87' lang='lat' dir='ltr'>rationibus</span> <span class='ocrx_word' id='word_1_36' title='bbox 986 774 1141 839; x_wconf 83' lang='lat' dir='ltr'>ducatur:</span> 
     </span>
     <span class='ocr_line' id='line_1_6' title="bbox 80 873 1142 967; baseline 0.008 -30"><span class='ocrx_word' id='word_1_37' title='bbox 80 873 148 938; x_wconf 84' lang='lat' dir='ltr'>inde</span> <span class='ocrx_word' id='word_1_38' title='bbox 161 875 251 938; x_wconf 89' lang='lat' dir='ltr'>euim</span> <span class='ocrx_word' id='word_1_39' title='bbox 264 889 362 939; x_wconf 88' lang='lat' dir='ltr'>estut</span> <span class='ocrx_word' id='word_1_40' title='bbox 376 891 408 940; x_wconf 92' lang='lat' dir='ltr'>et</span> <span class='ocrx_word' id='word_1_41' title='bbox 421 873 590 940; x_wconf 84' lang='lat' dir='ltr'>mendaces</span> <span class='ocrx_word' id='word_1_42' title='bbox 602 875 768 964; x_wconf 78' lang='lat' dir='ltr'>prophetas</span> <span class='ocrx_word' id='word_1_43' title='bbox 780 892 813 938; x_wconf 90' lang='lat' dir='ltr'>et</span> <span class='ocrx_word' id='word_1_44' title='bbox 825 877 972 965; x_wconf 88' lang='lat' dir='ltr'>gentium</span> <span class='ocrx_word' id='word_1_45' title='bbox 984 880 1142 967; x_wconf 88' lang='lat' dir='ltr'>sapientes</span> 
     </span>
     <span class='ocr_line' id='line_1_7' title="bbox 79 980 1141 1072; baseline 0.007 -29"><span class='ocrx_word' id='word_1_46' title='bbox 79 981 158 1044; x_wconf 88' lang='lat' dir='ltr'>aulas</span> <span class='ocrx_word' id='word_1_47' title='bbox 169 982 394 1070; x_wconf 81' lang='lat' dir='ltr'>frequentare,</span> <span class='ocrx_word' id='word_1_48' title='bbox 405 997 440 1046; x_wconf 88' lang='lat' dir='ltr'>et</span> <span class='ocrx_word' id='word_1_49' title='bbox 449 982 533 1047; x_wconf 87' lang='lat' dir='ltr'>circa</span> <span class='ocrx_word' id='word_1_50' title='bbox 544 980 655 1047; x_wconf 84' lang='lat' dir='ltr'>divites</span> <span class='ocrx_word' id='word_1_51' title='bbox 667 1005 824 1072; x_wconf 76' lang='lat' dir='ltr'>regesque</span> <span class='ocrx_word' id='word_1_52' title='bbox 834 984 954 1048; x_wconf 80' lang='lat' dir='ltr'>versari</span> <span class='ocrx_word' id='word_1_53' title='bbox 963 985 1141 1072; x_wconf 80' lang='lat' dir='ltr'>gaudeant3</span> 
     </span>
     <span class='ocr_line' id='line_1_8' title="bbox 81 1085 1142 1177; baseline 0.005 -28"><span class='ocrx_word' id='word_1_54' title='bbox 81 1085 160 1150; x_wconf 91' lang='lat' dir='ltr'>unde</span> <span class='ocrx_word' id='word_1_55' title='bbox 171 1103 210 1150; x_wconf 89' lang='lat' dir='ltr'>ut</span> <span class='ocrx_word' id='word_1_56' title='bbox 221 1104 257 1151; x_wconf 88' lang='lat' dir='ltr'>et</span> <span class='ocrx_word' id='word_1_57' title='bbox 270 1107 458 1151; x_wconf 87' lang='lat' dir='ltr'>muscarum</span> <span class='ocrx_word' id='word_1_58' title='bbox 473 1086 617 1152; x_wconf 81' lang='lat' dir='ltr'>examina</span> <span class='ocrx_word' id='word_1_59' title='bbox 630 1086 767 1152; x_wconf 84' lang='lat' dir='ltr'>divitum</span> <span class='ocrx_word' id='word_1_60' title='bbox 781 1088 905 1152; x_wconf 89' lang='lat' dir='ltr'>culinas</span> <span class='ocrx_word' id='word_1_61' title='bbox 919 1089 1142 1177; x_wconf 72' lang='lat' dir='ltr'>compleantl:</span> 
     </span>
     <span class='ocr_line' id='line_1_9' title="bbox 81 1191 1143 1282; baseline 0.002 -26"><span class='ocrx_word' id='word_1_62' title='bbox 81 1191 259 1279; x_wconf 79' lang='lat' dir='ltr'>Graecis(1)</span> <span class='ocrx_word' id='word_1_63' title='bbox 285 1213 358 1256; x_wconf 87' lang='lat' dir='ltr'>sero</span> <span class='ocrx_word' id='word_1_64' title='bbox 384 1191 515 1256; x_wconf 88' lang='lat' dir='ltr'>tandem</span> <span class='ocrx_word' id='word_1_65' title='bbox 538 1193 692 1281; x_wconf 80' lang='lat' dir='ltr'>sapientia</span> <span class='ocrx_word' id='word_1_66' title='bbox 717 1215 793 1256; x_wconf 88' lang='lat' dir='ltr'>cum</span> <span class='ocrx_word' id='word_1_67' title='bbox 815 1193 968 1280; x_wconf 87' lang='lat' dir='ltr'>imperio,</span> <span class='ocrx_word' id='word_1_68' title='bbox 991 1216 1087 1282; x_wconf 87' lang='lat' dir='ltr'>pace,</span> <span class='ocrx_word' id='word_1_69' title='bbox 1110 1211 1143 1258; x_wconf 88' lang='lat' dir='ltr'>et</span> 
     </span>
     <span class='ocr_line' id='line_1_10' title="bbox 80 1298 1143 1388; baseline 0.002 -28"><span class='ocrx_word' id='word_1_70' title='bbox 80 1299 142 1362; x_wconf 90' lang='lat' dir='ltr'>otio</span> <span class='ocrx_word' id='word_1_71' title='bbox 159 1301 206 1362; x_wconf 90' lang='lat' dir='ltr'>uti</span> <span class='ocrx_word' id='word_1_72' title='bbox 231 1299 383 1387; x_wconf 86' lang='lat' dir='ltr'>contigit.</span> <span class='ocrx_word' id='word_1_73' title='bbox 407 1299 474 1381; x_wconf 88' lang='lat' dir='ltr'>Qui</span> <span class='ocrx_word' id='word_1_74' title='bbox 500 1299 587 1364; x_wconf 88' lang='lat' dir='ltr'>enim</span> <span class='ocrx_word' id='word_1_75' title='bbox 613 1299 653 1381; x_wconf 92' lang='lat' dir='ltr'>ii,</span> <span class='ocrx_word' id='word_1_76' title='bbox 676 1300 733 1387; x_wconf 90' lang='lat' dir='ltr'>qui</span> <span class='ocrx_word' id='word_1_77' title='bbox 755 1298 806 1362; x_wconf 82' lang='lat' dir='ltr'>vel</span> <span class='ocrx_word' id='word_1_78' title='bbox 826 1300 874 1362; x_wconf 88' lang='lat' dir='ltr'>rei</span> <span class='ocrx_word' id='word_1_79' title='bbox 898 1298 1071 1388; x_wconf 74' lang='lat' dir='ltr'>augendae,</span> <span class='ocrx_word' id='word_1_80' title='bbox 1093 1301 1143 1364; x_wconf 85' lang='lat' dir='ltr'>vel</span> 
     </span>
     <span class='ocr_line' id='line_1_11' title="bbox 80 1403 1143 1494; baseline 0 -26"><span class='ocrx_word' id='word_1_81' title='bbox 80 1403 212 1492; x_wconf 84' lang='lat' dir='ltr'>parando</span> <span class='ocrx_word' id='word_1_82' title='bbox 232 1405 356 1487; x_wconf 76' lang='lat' dir='ltr'>victui,</span> <span class='ocrx_word' id='word_1_83' title='bbox 383 1405 434 1468; x_wconf 86' lang='lat' dir='ltr'>vel</span> <span class='ocrx_word' id='word_1_84' title='bbox 455 1405 598 1469; x_wconf 89' lang='lat' dir='ltr'>hostiurn</span> <span class='ocrx_word' id='word_1_85' title='bbox 624 1406 750 1485; x_wconf 78' lang='lat' dir='ltr'>injurias</span> <span class='ocrx_word' id='word_1_86' title='bbox 778 1403 1004 1494; x_wconf 76' lang='lat' dir='ltr'>propulsandae</span> <span class='ocrx_word' id='word_1_87' title='bbox 1026 1406 1143 1470; x_wconf 88' lang='lat' dir='ltr'>intenti</span> 
     </span>
     <span class='ocr_line' id='line_1_12' title="bbox 79 1509 1128 1599; baseline 0.001 -25"><span class='ocrx_word' id='word_1_88' title='bbox 79 1533 139 1574; x_wconf 88' lang='lat' dir='ltr'>esse</span> <span class='ocrx_word' id='word_1_89' title='bbox 152 1533 236 1599; x_wconf 90' lang='lat' dir='ltr'>opus</span> <span class='ocrx_word' id='word_1_90' title='bbox 249 1510 413 1592; x_wconf 77' lang='lat' dir='ltr'>habeant,</span> <span class='ocrx_word' id='word_1_91' title='bbox 430 1511 591 1598; x_wconf 76' lang='lat' dir='ltr'>sapientias</span> <span class='ocrx_word' id='word_1_92' title='bbox 603 1511 725 1597; x_wconf 88' lang='lat' dir='ltr'>otiique</span> <span class='ocrx_word' id='word_1_93' title='bbox 741 1511 865 1574; x_wconf 86' lang='lat' dir='ltr'>artibus</span> <span class='ocrx_word' id='word_1_94' title='bbox 879 1533 1009 1599; x_wconf 84' lang='lat' dir='ltr'>operam</span> <span class='ocrx_word' id='word_1_95' title='bbox 1028 1509 1128 1576; x_wconf 86' lang='lat' dir='ltr'>dent?</span> 
     </span>
    </p>

    <p class='ocr_par' dir='ltr' id='par_1_3' title="bbox 14 1613 1193 3720">
     <span class='ocr_line' id='line_1_13' title="bbox 117 1613 1143 1704; baseline 0.001 -26"><span class='ocrx_word' id='word_1_96' title='bbox 117 1639 143 1680; x_wconf 86' lang='lat' dir='ltr'>a.</span> <span class='ocrx_word' id='word_1_97' title='bbox 161 1615 264 1680; x_wconf 87' lang='lat' dir='ltr'>Primi</span> <span class='ocrx_word' id='word_1_98' title='bbox 286 1635 364 1704; x_wconf 89' lang='lat' dir='ltr'>ergo</span> <span class='ocrx_word' id='word_1_99' title='bbox 382 1616 469 1678; x_wconf 89' lang='lat' dir='ltr'>inter</span> <span class='ocrx_word' id='word_1_100' title='bbox 486 1613 615 1678; x_wconf 88' lang='lat' dir='ltr'>Graecos</span> <span class='ocrx_word' id='word_1_101' title='bbox 630 1615 897 1703; x_wconf 79' lang='lat' dir='ltr'>superstitionum</span> <span class='ocrx_word' id='word_1_102' title='bbox 919 1616 1062 1703; x_wconf 82' lang='lat' dir='ltr'>magistri</span> <span class='ocrx_word' id='word_1_103' title='bbox 1080 1615 1143 1698; x_wconf 89' lang='lat' dir='ltr'>illi,</span> 
     </span>
     <span class='ocr_line' id='line_1_14' title="bbox 79 1719 1141 1812; baseline 0.003 -29"><span class='ocrx_word' id='word_1_104' title='bbox 79 1722 208 1812; x_wconf 86' lang='lat' dir='ltr'>theologi</span> <span class='ocrx_word' id='word_1_105' title='bbox 225 1724 269 1786; x_wconf 89' lang='lat' dir='ltr'>ab</span> <span class='ocrx_word' id='word_1_106' title='bbox 289 1722 367 1809; x_wconf 89' lang='lat' dir='ltr'>ipsis</span> <span class='ocrx_word' id='word_1_107' title='bbox 385 1719 480 1798; x_wconf 83' lang='lat' dir='ltr'>dicti,</span> <span class='ocrx_word' id='word_1_108' title='bbox 499 1737 686 1808; x_wconf 79' lang='lat' dir='ltr'>poetaeque,</span> <span class='ocrx_word' id='word_1_109' title='bbox 708 1722 766 1808; x_wconf 90' lang='lat' dir='ltr'>qui</span> <span class='ocrx_word' id='word_1_110' title='bbox 783 1720 921 1784; x_wconf 85' lang='lat' dir='ltr'>deorum</span> <span class='ocrx_word' id='word_1_111' title='bbox 941 1722 1141 1810; x_wconf 85' lang='lat' dir='ltr'>genealogias</span> 
     </span>
     <span class='ocr_line' id='line_1_15' title="bbox 79 1824 1140 1915; baseline 0 -26"><span class='ocrx_word' id='word_1_112' title='bbox 79 1825 299 1909; x_wconf 84' lang='lat' dir='ltr'>decantarunt,</span> <span class='ocrx_word' id='word_1_113' title='bbox 316 1827 530 1915; x_wconf 83' lang='lat' dir='ltr'>mysteriaque</span> <span class='ocrx_word' id='word_1_114' title='bbox 546 1841 579 1889; x_wconf 90' lang='lat' dir='ltr'>et</span> <span class='ocrx_word' id='word_1_115' title='bbox 593 1827 768 1888; x_wconf 90' lang='lat' dir='ltr'>numinum</span> <span class='ocrx_word' id='word_1_116' title='bbox 782 1826 906 1888; x_wconf 90' lang='lat' dir='ltr'>cultum</span> <span class='ocrx_word' id='word_1_117' title='bbox 920 1824 1140 1907; x_wconf 87' lang='lat' dir='ltr'>tradiderunt,</span> 
     </span>
     <span class='ocr_line' id='line_1_16' title="bbox 78 1931 1141 2022; baseline 0.001 -26"><span class='ocrx_word' id='word_1_118' title='bbox 78 1937 226 2022; x_wconf 77' lang='lat' dir='ltr'>sapientiae</span> <span class='ocrx_word' id='word_1_119' title='bbox 258 1935 398 2010; x_wconf 88' lang='lat' dir='ltr'>nomine</span> <span class='ocrx_word' id='word_1_120' title='bbox 427 1932 648 2012; x_wconf 89' lang='lat' dir='ltr'>celebrantur;</span> <span class='ocrx_word' id='word_1_121' title='bbox 676 1953 781 2019; x_wconf 89' lang='lat' dir='ltr'>quum</span> <span class='ocrx_word' id='word_1_122' title='bbox 810 1931 844 1994; x_wconf 91' lang='lat' dir='ltr'>hi</span> <span class='ocrx_word' id='word_1_123' title='bbox 875 1931 911 1994; x_wconf 91' lang='lat' dir='ltr'>in</span> <span class='ocrx_word' id='word_1_124' title='bbox 941 1933 1030 1996; x_wconf 89' lang='lat' dir='ltr'>nulla</span> <span class='ocrx_word' id='word_1_125' title='bbox 1059 1955 1141 1997; x_wconf 84' lang='lat' dir='ltr'>verae</span> 
     </span>
     <span class='ocr_line' id='line_1_17' title="bbox 78 2035 1141 2130; baseline 0.004 -28"><span class='ocrx_word' id='word_1_126' title='bbox 78 2041 225 2128; x_wconf 72' lang='lat' dir='ltr'>sapientia</span> <span class='ocrx_word' id='word_1_127' title='bbox 239 2057 336 2130; x_wconf 86' lang='lat' dir='ltr'>parte</span> <span class='ocrx_word' id='word_1_128' title='bbox 351 2061 483 2128; x_wconf 87' lang='lat' dir='ltr'>operam</span> <span class='ocrx_word' id='word_1_129' title='bbox 496 2039 642 2128; x_wconf 85' lang='lat' dir='ltr'>posuisse</span> <span class='ocrx_word' id='word_1_130' title='bbox 658 2039 723 2103; x_wconf 89' lang='lat' dir='ltr'>sint</span> <span class='ocrx_word' id='word_1_131' title='bbox 739 2035 884 2119; x_wconf 89' lang='lat' dir='ltr'>dicendi,</span> <span class='ocrx_word' id='word_1_132' title='bbox 900 2037 1006 2102; x_wconf 78' lang='lat' dir='ltr'>fucate</span> <span class='ocrx_word' id='word_1_133' title='bbox 1018 2060 1096 2104; x_wconf 84' lang='lat' dir='ltr'>vero</span> <span class='ocrx_word' id='word_1_134' title='bbox 1108 2057 1141 2106; x_wconf 88' lang='lat' dir='ltr'>et</span> 
     </span>
     <span class='ocr_line' id='line_1_18' title="bbox 77 2143 1139 2233; baseline 0.002 -24"><span class='ocrx_word' id='word_1_135' title='bbox 77 2163 232 2232; x_wconf 87' lang='lat' dir='ltr'>personate</span> <span class='ocrx_word' id='word_1_136' title='bbox 245 2148 353 2224; x_wconf 88' lang='lat' dir='ltr'>illam,</span> <span class='ocrx_word' id='word_1_137' title='bbox 369 2169 441 2233; x_wconf 78' lang='lat' dir='ltr'>quae</span> <span class='ocrx_word' id='word_1_138' title='bbox 457 2145 591 2228; x_wconf 69' lang='lat' dir='ltr'>Politice</span> <span class='ocrx_word' id='word_1_139' title='bbox 604 2144 733 2226; x_wconf 89' lang='lat' dir='ltr'>dicitur,</span> <span class='ocrx_word' id='word_1_140' title='bbox 747 2145 885 2208; x_wconf 87' lang='lat' dir='ltr'>coluisse</span> <span class='ocrx_word' id='word_1_141' title='bbox 898 2143 1092 2233; x_wconf 78' lang='lat' dir='ltr'>videantur(</span> <span class='ocrx_word' id='word_1_142' title='bbox 1116 2147 1139 2232; x_wconf 90' lang='lat'>).</span> 
     </span>
     <span class='ocr_line' id='line_1_19' title="bbox 14 2250 1138 2343; baseline -0.003 -26"><span class='ocrx_word' id='word_1_143' title='bbox 14 2305 15 2310; x_wconf 31' lang='lat'>1</span> <span class='ocrx_word' id='word_1_144' title='bbox 78 2251 146 2318; x_wconf 86' lang='lat' dir='ltr'>Nam</span> <span class='ocrx_word' id='word_1_145' title='bbox 161 2254 328 2343; x_wconf 75' lang='lat' dir='ltr'>religionis</span> <span class='ocrx_word' id='word_1_146' title='bbox 346 2252 532 2341; x_wconf 86' lang='lat' dir='ltr'>procuratio</span> <span class='ocrx_word' id='word_1_147' title='bbox 554 2267 651 2340; x_wconf 88' lang='lat' dir='ltr'>atque</span> <span class='ocrx_word' id='word_1_148' title='bbox 672 2251 880 2334; x_wconf 78' lang='lat' dir='ltr'>constitutio,</span> <span class='ocrx_word' id='word_1_149' title='bbox 901 2250 1000 2314; x_wconf 81' lang='lat' dir='ltr'>civilis</span> <span class='ocrx_word' id='word_1_150' title='bbox 1018 2251 1138 2338; x_wconf 89' lang='lat' dir='ltr'>guber-</span> 
     </span>
     <span class='ocr_line' id='line_1_20' title="bbox 76 2355 1137 2450; baseline -0.001 -29"><span class='ocrx_word' id='word_1_151' title='bbox 76 2361 199 2425; x_wconf 88' lang='lat' dir='ltr'>nationis</span> <span class='ocrx_word' id='word_1_152' title='bbox 222 2361 335 2450; x_wconf 88' lang='lat' dir='ltr'>prima</span> <span class='ocrx_word' id='word_1_153' title='bbox 360 2360 586 2447; x_wconf 87' lang='lat' dir='ltr'>praecipuaque</span> <span class='ocrx_word' id='word_1_154' title='bbox 610 2373 685 2445; x_wconf 78' lang='lat' dir='ltr'>pars</span> <span class='ocrx_word' id='word_1_155' title='bbox 713 2357 861 2420; x_wconf 88' lang='lat' dir='ltr'>habetur.</span> <span class='ocrx_word' id='word_1_156' title='bbox 899 2355 977 2418; x_wconf 87' lang='lat' dir='ltr'>Post</span> <span class='ocrx_word' id='word_1_157' title='bbox 1005 2355 1084 2436; x_wconf 89' lang='lat' dir='ltr'>hos,</span> <span class='ocrx_word' id='word_1_158' title='bbox 1115 2357 1137 2420; x_wconf 91' lang='lat' dir='ltr'>ii</span> 
     </span>
     <span class='ocr_line' id='line_1_21' title="bbox 75 2460 1137 2553; baseline -0.002 -25"><span class='ocrx_word' id='word_1_159' title='bbox 75 2465 268 2549; x_wconf 86' lang='lat' dir='ltr'>prodierunt,</span> <span class='ocrx_word' id='word_1_160' title='bbox 284 2465 351 2553; x_wconf 85' lang='lat' dir='ltr'>qui,</span> <span class='ocrx_word' id='word_1_161' title='bbox 362 2463 452 2552; x_wconf 81' lang='lat' dir='ltr'>quod</span> <span class='ocrx_word' id='word_1_162' title='bbox 463 2479 584 2528; x_wconf 75' lang='lat' dir='ltr'>naturae</span> <span class='ocrx_word' id='word_1_163' title='bbox 594 2463 703 2529; x_wconf 79' lang='lat' dir='ltr'>rerum</span> <span class='ocrx_word' id='word_1_164' title='bbox 713 2460 980 2548; x_wconf 86' lang='lat' dir='ltr'>contemplationi</span> <span class='ocrx_word' id='word_1_165' title='bbox 990 2462 1137 2548; x_wconf 88' lang='lat' dir='ltr'>impense</span> 
     </span>
     <span class='ocr_line' id='line_1_22' title="bbox 75 2567 1136 2655; baseline 0 -23"><span class='ocrx_word' id='word_1_166' title='bbox 75 2588 227 2639; x_wconf 77' lang='lat' dir='ltr'>vacarunt:</span> <span class='ocrx_word' id='word_1_167' title='bbox 242 2572 385 2655; x_wconf 75' lang='lat' dir='ltr'>Physiei,</span> <span class='ocrx_word' id='word_1_168' title='bbox 400 2570 435 2634; x_wconf 93' lang='lat' dir='ltr'>id</span> <span class='ocrx_word' id='word_1_169' title='bbox 449 2585 513 2652; x_wconf 87' lang='lat' dir='ltr'>est,</span> <span class='ocrx_word' id='word_1_170' title='bbox 524 2569 707 2651; x_wconf 75' lang='lat' dir='ltr'>nutumles,</span> <span class='ocrx_word' id='word_1_171' title='bbox 717 2583 959 2655; x_wconf 86' lang='lat' dir='ltr'>nuncupantur.</span> <span class='ocrx_word' id='word_1_172' title='bbox 974 2569 1064 2631; x_wconf 89' lang='lat' dir='ltr'>Inter</span> <span class='ocrx_word' id='word_1_173' title='bbox 1076 2567 1136 2632; x_wconf 85' lang='lat' dir='ltr'>hos</span> 
     </span>
     <span class='ocr_line' id='line_1_23' title="bbox 75 2671 1138 2768; baseline -0.001 -32"><span class='ocrx_word' id='word_1_174' title='bbox 75 2675 205 2764; x_wconf 86' lang='lat' dir='ltr'>illustris,</span> <span class='ocrx_word' id='word_1_175' title='bbox 221 2677 286 2744; x_wconf 81' lang='lat' dir='ltr'>sed</span> <span class='ocrx_word' id='word_1_176' title='bbox 297 2677 436 2743; x_wconf 80' lang='lat' dir='ltr'>Socratis</span> <span class='ocrx_word' id='word_1_177' title='bbox 448 2678 632 2768; x_wconf 88' lang='lat' dir='ltr'>magisterio</span> <span class='ocrx_word' id='word_1_178' title='bbox 645 2676 810 2756; x_wconf 84' lang='lat' dir='ltr'>illustrior,</span> <span class='ocrx_word' id='word_1_179' title='bbox 825 2676 1041 2762; x_wconf 76' lang='lat' dir='ltr'>Anaxagoras,</span> <span class='ocrx_word' id='word_1_180' title='bbox 1054 2671 1138 2761; x_wconf 81' lang='lat' dir='ltr'>phy·</span> 
     </span>
     <span class='ocr_line' id='line_1_24' title="bbox 74 2778 1137 2872; baseline -0.002 -29"><span class='ocrx_word' id='word_1_181' title='bbox 74 2781 199 2850; x_wconf 75' lang='lat' dir='ltr'>sicerum</span> <span class='ocrx_word' id='word_1_182' title='bbox 222 2785 376 2850; x_wconf 78' lang='lat' dir='ltr'>ultimus.</span> <span class='ocrx_word' id='word_1_183' title='bbox 401 2783 484 2848; x_wconf 87' lang='lat' dir='ltr'>Nam</span> <span class='ocrx_word' id='word_1_184' title='bbox 512 2799 587 2872; x_wconf 87' lang='lat' dir='ltr'>post</span> <span class='ocrx_word' id='word_1_185' title='bbox 612 2783 775 2846; x_wconf 83' lang='lat' dir='ltr'>Socratem</span> <span class='ocrx_word' id='word_1_186' title='bbox 801 2782 860 2844; x_wconf 87' lang='lat' dir='ltr'>alia</span> <span class='ocrx_word' id='word_1_187' title='bbox 884 2778 1137 2868; x_wconf 81' lang='lat' dir='ltr'>philosophandi</span> 
     </span>
     <span class='ocr_line' id='line_1_25' title="bbox 74 2883 1135 2979; baseline -0.002 -29"><span class='ocrx_word' id='word_1_188' title='bbox 74 2889 142 2952; x_wconf 81' lang='lat' dir='ltr'>tatio</span> <span class='ocrx_word' id='word_1_189' title='bbox 159 2889 245 2956; x_wconf 86' lang='lat' dir='ltr'>fuit:</span> <span class='ocrx_word' id='word_1_190' title='bbox 265 2911 373 2979; x_wconf 90' lang='lat' dir='ltr'>quum</span> <span class='ocrx_word' id='word_1_191' title='bbox 389 2891 476 2953; x_wconf 91' lang='lat' dir='ltr'>enim</span> <span class='ocrx_word' id='word_1_192' title='bbox 493 2888 764 2978; x_wconf 88' lang='lat' dir='ltr'>philosophorum</span> <span class='ocrx_word' id='word_1_193' title='bbox 781 2883 884 2965; x_wconf 80' lang='lat' dir='ltr'>major</span> <span class='ocrx_word' id='word_1_194' title='bbox 898 2907 972 2973; x_wconf 90' lang='lat' dir='ltr'>pars</span> <span class='ocrx_word' id='word_1_195' title='bbox 988 2883 1135 2972; x_wconf 89' lang='lat' dir='ltr'>philoso-</span> 
     </span>
     <span class='ocr_line' id='line_1_26' title="bbox 73 2989 1193 3085; baseline -0.005 -27"><span class='ocrx_word' id='word_1_196' title='bbox 73 2995 168 3080; x_wconf 86' lang='lat' dir='ltr'>phiam</span> <span class='ocrx_word' id='word_1_197' title='bbox 178 3019 385 3084; x_wconf 89' lang='lat' dir='ltr'>omnemque</span> <span class='ocrx_word' id='word_1_198' title='bbox 394 2995 435 3061; x_wconf 89' lang='lat' dir='ltr'>de</span> <span class='ocrx_word' id='word_1_199' title='bbox 446 2996 600 3085; x_wconf 88' lang='lat' dir='ltr'>sapientia</span> <span class='ocrx_word' id='word_1_200' title='bbox 614 2995 836 3058; x_wconf 85' lang='lat' dir='ltr'>tractationem</span> <span class='ocrx_word' id='word_1_201' title='bbox 847 2993 882 3055; x_wconf 91' lang='lat' dir='ltr'>in</span> <span class='ocrx_word' id='word_1_202' title='bbox 897 3007 960 3055; x_wconf 88' lang='lat' dir='ltr'>tres</span> <span class='ocrx_word' id='word_1_203' title='bbox 970 3007 1076 3078; x_wconf 85' lang='lat' dir='ltr'>partes</span> <span class='ocrx_word' id='word_1_204' title='bbox 1086 2989 1133 3077; x_wconf 84' lang='lat'>(3)</span> <span class='ocrx_word' id='word_1_205' title='bbox 1189 3023 1193 3036; x_wconf 92' lang='lat'>·</span> 
     </span>
     <span class='ocr_line' id='line_1_27' title="bbox 73 3097 1133 3188; baseline -0.005 -23"><span class='ocrx_word' id='word_1_206' title='bbox 73 3097 246 3188; x_wconf 86' lang='lat' dir='ltr'>distribuat,</span> <span class='ocrx_word' id='word_1_207' title='bbox 263 3103 301 3168; x_wconf 89' lang='lat' dir='ltr'>id</span> <span class='ocrx_word' id='word_1_208' title='bbox 316 3119 381 3184; x_wconf 89' lang='lat' dir='ltr'>est,</span> <span class='ocrx_word' id='word_1_209' title='bbox 397 3103 432 3166; x_wconf 92' lang='lat' dir='ltr'>iu</span> <span class='ocrx_word' id='word_1_210' title='bbox 446 3111 480 3165; x_wconf 73' lang='grc' dir='ltr'>τὰ</span> <span class='ocrx_word' id='word_1_211' title='bbox 491 3109 598 3182; x_wconf 70' lang='grc' dir='ltr'>Λογικὰ,</span> <span class='ocrx_word' id='word_1_212' title='bbox 615 3111 650 3163; x_wconf 76' lang='grc' dir='ltr'>τὰ</span> <span class='ocrx_word' id='word_1_213' title='bbox 662 3109 769 3168; x_wconf 58' lang='lat' dir='ltr'>morsm</span> <span class='ocrx_word' id='word_1_214' title='bbox 785 3108 826 3162; x_wconf 73' lang='grc' dir='ltr'>καὶ</span> <span class='ocrx_word' id='word_1_215' title='bbox 841 3105 875 3159; x_wconf 69' lang='grc' dir='ltr'>τὰ</span> <span class='ocrx_word' id='word_1_216' title='bbox 887 3097 980 3170; x_wconf 68' lang='lat' dir='ltr'>hece,</span> <span class='ocrx_word' id='word_1_217' title='bbox 996 3117 1133 3183; x_wconf 85' lang='lat' dir='ltr'>quarum</span> 
     </span>
     <span class='ocr_line' id='line_1_28' title="bbox 71 3201 1132 3296; baseline -0.008 -21"><span class='ocrx_word' id='word_1_218' title='bbox 71 3214 162 3290; x_wconf 75' lang='lat' dir='ltr'>primo</span> <span class='ocrx_word' id='word_1_219' title='bbox 187 3211 227 3277; x_wconf 87' lang='lat' dir='ltr'>tle</span> <span class='ocrx_word' id='word_1_220' title='bbox 254 3232 411 3276; x_wconf 86' lang='lat' dir='ltr'>sermone</span> <span class='ocrx_word' id='word_1_221' title='bbox 440 3211 630 3296; x_wconf 83' lang='lat' dir='ltr'>rationeque</span> <span class='ocrx_word' id='word_1_222' title='bbox 655 3223 722 3290; x_wconf 90' lang='lat' dir='ltr'>est;</span> <span class='ocrx_word' id='word_1_223' title='bbox 752 3203 907 3283; x_wconf 76' lang='lat' dir='ltr'>secunda,</span> <span class='ocrx_word' id='word_1_224' title='bbox 933 3201 974 3266; x_wconf 91' lang='lat' dir='ltr'>de</span> <span class='ocrx_word' id='word_1_225' title='bbox 998 3215 1132 3283; x_wconf 82' lang='lat' dir='ltr'>natura3</span> 
     </span>
     <span class='ocr_line' id='line_1_29' title="bbox 73 3309 1131 3399; baseline -0.004 -23"><span class='ocrx_word' id='word_1_226' title='bbox 73 3321 152 3381; x_wconf 82' lang='lat' dir='ltr'>ertia</span> <span class='ocrx_word' id='word_1_227' title='bbox 173 3343 253 3384; x_wconf 80' lang='lat' dir='ltr'>vero</span> <span class='ocrx_word' id='word_1_228' title='bbox 285 3316 326 3381; x_wconf 91' lang='lat' dir='ltr'>de</span> <span class='ocrx_word' id='word_1_229' title='bbox 353 3316 518 3399; x_wconf 89' lang='lat' dir='ltr'>moribus,</span> <span class='ocrx_word' id='word_1_230' title='bbox 542 3317 636 3396; x_wconf 88' lang='lat' dir='ltr'>eujus</span> <span class='ocrx_word' id='word_1_231' title='bbox 664 3314 848 3379; x_wconf 88' lang='lat' dir='ltr'>membrum</span> <span class='ocrx_word' id='word_1_232' title='bbox 874 3309 1007 3375; x_wconf 83' lang='lat' dir='ltr'>Politice</span> <span class='ocrx_word' id='word_1_233' title='bbox 1034 3326 1131 3392; x_wconf 79' lang='lat' dir='ltr'>sunt3</span> 
     </span>
     <span class='ocr_line' id='line_1_30' title="bbox 74 3415 1131 3513; baseline -0.009 -24"><span class='ocrx_word' id='word_1_234' title='bbox 74 3440 317 3513; x_wconf 77' lang='lat' dir='ltr'>quamquartam</span> <span class='ocrx_word' id='word_1_235' title='bbox 325 3422 538 3512; x_wconf 65' lang='lat' dir='ltr'>philosophie</span> <span class='ocrx_word' id='word_1_236' title='bbox 550 3438 674 3511; x_wconf 87' lang='lat' dir='ltr'>partem</span> <span class='ocrx_word' id='word_1_237' title='bbox 686 3418 902 3484; x_wconf 79' lang='lat' dir='ltr'>numerabant</span> <span class='ocrx_word' id='word_1_238' title='bbox 914 3415 1131 3505; x_wconf 86' lang='lat' dir='ltr'>Peripatetici:</span> 
     </span>
     <span class='ocr_line' id='line_1_31' title="bbox 74 3523 1131 3620; baseline -0.005 -30"><span class='ocrx_word' id='word_1_239' title='bbox 74 3523 176 3617; x_wconf 80' lang='lat' dir='ltr'>logica</span> <span class='ocrx_word' id='word_1_240' title='bbox 198 3530 336 3620; x_wconf 88' lang='lat' dir='ltr'>quidem</span> <span class='ocrx_word' id='word_1_241' title='bbox 364 3545 397 3593; x_wconf 91' lang='lat' dir='ltr'>et</span> <span class='ocrx_word' id='word_1_242' title='bbox 417 3530 549 3612; x_wconf 88' lang='lat' dir='ltr'>Ethica,</span> <span class='ocrx_word' id='word_1_243' title='bbox 576 3529 633 3616; x_wconf 87' lang='lat' dir='ltr'>qui</span> <span class='ocrx_word' id='word_1_244' title='bbox 653 3529 817 3592; x_wconf 84' lang='lat' dir='ltr'>Socratem</span> <span class='ocrx_word' id='word_1_245' title='bbox 836 3545 1046 3612; x_wconf 86' lang='lat' dir='ltr'>praecessere,</span> <span class='ocrx_word' id='word_1_246' title='bbox 1071 3543 1131 3585; x_wconf 89' lang='lat' dir='ltr'>nec</span> 
     </span>
     <span class='ocr_line' id='line_1_32' title="bbox 74 3631 1133 3720; baseline -0.001 -27"><span class='ocrx_word' id='word_1_247' title='bbox 74 3635 312 3702; x_wconf 86' lang='lat' dir='ltr'>nominetenus</span> <span class='ocrx_word' id='word_1_248' title='bbox 334 3651 580 3700; x_wconf 87' lang='lat' dir='ltr'>tractaverunt:</span> <span class='ocrx_word' id='word_1_249' title='bbox 604 3635 706 3699; x_wconf 90' lang='lat' dir='ltr'>multa</span> <span class='ocrx_word' id='word_1_250' title='bbox 723 3635 870 3720; x_wconf 89' lang='lat' dir='ltr'>ipsorum</span> <span class='ocrx_word' id='word_1_251' title='bbox 894 3631 978 3695; x_wconf 88' lang='lat' dir='ltr'>dicta</span> <span class='ocrx_word' id='word_1_252' title='bbox 1001 3643 1034 3694; x_wconf 90' lang='lat' dir='ltr'>et</span> <span class='ocrx_word' id='word_1_253' title='bbox 1056 3651 1133 3718; x_wconf 87' lang='lat' dir='ltr'>spo·</span> 
     </span>
    </p>
   </div>
   <div class='ocr_carea' id='block_1_3' title="bbox 74 3814 1133 4143">
    <p class='ocr_par' dir='ltr' id='par_1_4' title="bbox 102 3814 437 3886">
     <span class='ocr_line' id='line_1_33' title="bbox 102 3814 437 3886; baseline 0.009 -24"><span class='ocrx_word' id='word_1_254' title='bbox 102 3814 137 3880; x_wconf 89' lang='lat' dir='ltr'>(r)</span> <span class='ocrx_word' id='word_1_255' title='bbox 153 3817 211 3868; x_wconf 77' lang='lat' dir='ltr'>Vitl.</span> <span class='ocrx_word' id='word_1_256' title='bbox 222 3817 344 3886; x_wconf 69' lang='lat' dir='ltr'>stutyd.</span> <span class='ocrx_word' id='word_1_257' title='bbox 359 3817 403 3866; x_wconf 85' lang='lat' dir='ltr'>lib.</span> <span class='ocrx_word' id='word_1_258' title='bbox 416 3820 437 3866; x_wconf 91' lang='lat'>1.</span> 
     </span>
    </p>

    <p class='ocr_par' dir='ltr' id='par_1_5' title="bbox 102 3902 545 3968">
     <span class='ocr_line' id='line_1_34' title="bbox 102 3902 545 3968; baseline 0 -13"><span class='ocrx_word' id='word_1_259' title='bbox 102 3902 136 3968; x_wconf 80' lang='lat' dir='ltr'>(t)</span> <span class='ocrx_word' id='word_1_260' title='bbox 152 3907 275 3956; x_wconf 71' lang='lat' dir='ltr'>Plutarch.</span> <span class='ocrx_word' id='word_1_261' title='bbox 290 3907 323 3956; x_wconf 84' lang='lat' dir='ltr'>tle</span> <span class='ocrx_word' id='word_1_262' title='bbox 335 3904 428 3953; x_wconf 88' lang='lat' dir='ltr'>oracul.</span> <span class='ocrx_word' id='word_1_263' title='bbox 440 3905 545 3955; x_wconf 84' lang='lat' dir='ltr'>delectu.</span> 
     </span>
    </p>

    <p class='ocr_par' dir='ltr' id='par_1_6' title="bbox 74 3987 1133 4143">
     <span class='ocr_line' id='line_1_35' title="bbox 106 3987 1133 4059; baseline -0.011 -17"><span class='ocrx_word' id='word_1_264' title='bbox 106 3991 140 4058; x_wconf 79' lang='lat'>(3)</span> <span class='ocrx_word' id='word_1_265' title='bbox 155 3997 301 4044; x_wconf 79' lang='lat' dir='ltr'>Accuratam</span> <span class='ocrx_word' id='word_1_266' title='bbox 321 3991 488 4059; x_wconf 69' lang='lat' dir='ltr'>philosophie</span> <span class='ocrx_word' id='word_1_267' title='bbox 508 3991 654 4040; x_wconf 85' lang='lat' dir='ltr'>divisionem</span> <span class='ocrx_word' id='word_1_268' title='bbox 671 3991 728 4038; x_wconf 75' lang='lat' dir='ltr'>risle</span> <span class='ocrx_word' id='word_1_269' title='bbox 745 3989 811 4054; x_wconf 83' lang='lat' dir='ltr'>apud</span> <span class='ocrx_word' id='word_1_270' title='bbox 831 3989 914 4038; x_wconf 83' lang='lat' dir='ltr'>Ssuec.</span> <span class='ocrx_word' id='word_1_271' title='bbox 932 3987 1005 4050; x_wconf 83' lang='lat' dir='ltr'>epist.</span> <span class='ocrx_word' id='word_1_272' title='bbox 1024 4001 1133 4050; x_wconf 58' lang='lat' dir='ltr'>amm</span> 
     </span>
     <span class='ocr_line' id='line_1_36' title="bbox 74 4075 1077 4143; baseline -0.007 -17"><span class='ocrx_word' id='word_1_273' title='bbox 74 4077 140 4128; x_wconf 73' lang='lat' dir='ltr'>laert.</span> <span class='ocrx_word' id='word_1_274' title='bbox 152 4081 299 4142; x_wconf 70' lang='lat' dir='ltr'>inlaennne3</span> <span class='ocrx_word' id='word_1_275' title='bbox 316 4081 439 4132; x_wconf 78' lang='lat' dir='ltr'>Plutarch.</span> <span class='ocrx_word' id='word_1_276' title='bbox 449 4081 522 4128; x_wconf 88' lang='lat' dir='ltr'>initio</span> <span class='ocrx_word' id='word_1_277' title='bbox 533 4079 576 4128; x_wconf 90' lang='lat' dir='ltr'>lib.</span> <span class='ocrx_word' id='word_1_278' title='bbox 592 4081 605 4129; x_wconf 86' lang='lat'>1</span> <span class='ocrx_word' id='word_1_279' title='bbox 623 4079 653 4127; x_wconf 86' lang='lat' dir='ltr'>dc</span> <span class='ocrx_word' id='word_1_280' title='bbox 668 4078 764 4143; x_wconf 89' lang='lat' dir='ltr'>placitis</span> <span class='ocrx_word' id='word_1_281' title='bbox 776 4075 921 4140; x_wconf 79' lang='lat' dir='ltr'>Philosoph.</span> <span class='ocrx_word' id='word_1_282' title='bbox 935 4093 960 4138; x_wconf 91' lang='lat' dir='ltr'>p.</span> <span class='ocrx_word' id='word_1_283' title='bbox 971 4075 1037 4135; x_wconf 67' lang='lat'>874,</span> <span class='ocrx_word' id='word_1_284' title='bbox 1055 4089 1077 4120; x_wconf 85' lang='lat' dir='ltr'>e.</span> 
     </span>
    </p>
   </div>
   <div class='ocr_carea' id='block_1_4' title="bbox 0 0 1390 4688">
    <p class='ocr_par' dir='ltr' id='par_1_7' title="bbox 0 0 1390 4688">
     <span class='ocr_line' id='line_1_37' title="bbox 0 0 1390 4688; baseline 0 3"><span class='ocrx_word' id='word_1_285' title='bbox 0 0 1390 4688; x_wconf 95' lang='lat' dir='ltr'> </span> 
     </span>
    </p>
   </div>
  </div>
 </body>
</html>
