2786 4674
193 344 196 352 ’
259 325 332 398 608
523 365 526 372 ·
600 325 648 390 Μ.
675 327 712 392 Τ.
740 323 983 394 CICERONIS

256 460 368 529 partem
379 459 500 524 propter
515 443 683 523 perfectum
692 445 821 523 ipsorum
836 444 1050 504 similimdinem
1065 442 1238 502 declinabit:
1251 443 1331 502 atsi

257 542 321 619 quis
335 541 411 598 circa
426 537 498 595 illud
512 535 695 606 obambulet,
712 555 788 614 saepe
798 536 915 595 sibimet
930 536 1035 615 plantis
1049 535 1138 594 stabit
1159 537 1328 614 oppositis,

258 631 445 707 eamdemque
459 628 535 688 illius
546 644 656 707 partem
672 642 731 686 tum
746 647 877 696 sursum,
892 641 953 686 tum
969 627 1106 685 deorsum
1117 626 1253 685 vocabit:
1274 629 1330 684 itn

259 745 316 803 que
337 724 517 794 uuiversum,
538 720 781 800 quemadmodum
801 722 899 800 paullo
921 733 986 778 ante
1008 721 1150 791 diximus,
1172 735 1262 798 quum
1289 721 1330 778 sit

259 813 431 885 rotundum,
445 813 541 871 locum
556 812 662 871 habere
676 815 857 890 superiorem
877 825 927 872 aut
945 813 1111 872 inferiorem
1131 814 1177 870 vir
1192 812 1329 892 prudens

259 909 375 967 minime
391 905 562 965 affirmabit:
588 906 639 965 sed
653 906 729 965 unde
744 907 892 966 nominata
905 920 971 964 sunt
987 905 1058 974 ista,
1077 919 1107 964 et
1121 908 1151 963 in
1167 905 1271 983 quibus
1288 923 1329 962 ea

259 999 369 1072 intuiti,
385 1017 421 1056 ex
434 999 491 1056 illis
504 999 541 1057 ad
555 995 694 1056 mundum
708 1011 801 1057 totum
818 997 1033 1068 transtulimus,
1057 995 1223 1075 hujusmodi
1235 1015 1329 1072 quae-

258 1093 326 1152 dam
339 1091 369 1150 in
385 1091 485 1168 primis
498 1103 637 1170 ponentes
647 1091 865 1168 investigemus:
881 1091 904 1148 si
914 1091 978 1166 quis
989 1089 1018 1146 in
1029 1107 1063 1146 eu
1074 1087 1174 1146 mundi
1187 1087 1327 1166 regione,

259 1203 347 1262 quem
366 1183 568 1260 utplurimum
584 1183 701 1240 sortitus
716 1195 759 1240 est
781 1183 854 1260 ignis
868 1195 898 1240 et
920 1180 956 1240 ad
975 1201 1061 1258 quam
1077 1179 1206 1257 undique
1219 1180 1328 1248 fertur,

259 1275 400 1348 insideat,
415 1274 529 1352 vimque
543 1275 668 1352 aliquam
683 1276 873 1347 nanciscatur,
887 1295 941 1355 per
951 1294 1038 1352 quam
1050 1275 1125 1352 iguis
1137 1287 1233 1351 partes
1243 1273 1328 1330 arri-

260 1367 322 1446 piat
335 1364 492 1442 libratque,
508 1379 557 1424 aut
570 1366 621 1425 ubi
636 1367 665 1424 in
679 1379 794 1426 staterae
808 1366 937 1426 lancibus
950 1366 1118 1438 collocavit,
1139 1378 1172 1423 ut
1185 1365 1325 1423 deorsum

257 1458 288 1516 in
313 1456 480 1514 dissimilem
503 1451 675 1535 detorqueat
699 1478 816 1518 aerem:
841 1472 953 1518 constat
977 1459 1063 1536 plane
1086 1457 1227 1516 minorem
1244 1457 1325 1535 ignis

261 1548 425 1629 portionem
445 1547 547 1625 majori
570 1550 680 1609 facilius
701 1563 833 1609 eoactum
851 1550 907 1608 iri:
929 1549 980 1608 ubi
996 1549 1073 1609 enim
1086 1548 1147 1607 duo
1164 1549 1247 1607 simul
1263 1567 1324 1604 uno

262 1639 369 1700 robore
380 1640 604 1716 suspenduntur,
617 1643 711 1702 minus
722 1643 838 1720 quidem
849 1641 949 1720 magis,
958 1641 1048 1718 majus
1059 1654 1154 1700 autem
1166 1642 1259 1699 minus
1275 1641 1325 1696 in-

264 1734 367 1793 ferenti
385 1733 443 1790 vim
457 1731 550 1790 cedit:
569 1747 599 1792 et
614 1754 703 1793 unum
722 1735 839 1812 quidem
860 1753 944 1810 grave
959 1734 1153 1810 deorsumque
1168 1733 1238 1791 lerri
1250 1733 1324 1790 dici-

264 1840 322 1896 tur,
333 1825 453 1883 alterum
467 1843 536 1881 vero
550 1845 662 1884 sursum
677 1847 710 1884 uc
721 1828 802 1885 leve:
816 1825 893 1885 idem
907 1825 991 1884 nubis
1006 1839 1113 1884 terram
1124 1823 1324 1884 habitantibus

263 1915 368 1977 eccidit
384 1937 391 1974 :
416 1935 482 1973 nam
502 1929 585 1974 terrae
599 1917 690 1976 innixi
706 1937 816 1996 perque
836 1939 898 1977 eam
913 1917 1074 1994 gradientes
1088 1931 1203 1976 terrena
1218 1934 1323 1995 genera

264 2006 386 2066 invicem
400 2025 568 2084 separamus
584 2021 670 2086 atque
686 2010 898 2088 distinguimus,
912 2023 941 2068 et
954 2029 1029 2088 saepe
1043 2023 1149 2067 terram
1161 2009 1190 2066 iu
1204 2008 1324 2066 dissimi-

264 2098 438 2162 lemaerem
459 2097 580 2172 jacimus
600 2101 741 2160 violenter
762 2116 924 2179 praeterque
945 2114 1096 2174 naturam,
1124 2122 1198 2177 saepe
1226 2115 1323 2179 partes

265 2200 419 2264 nmisque,
440 2203 568 2268 cognatm
589 2207 699 2252 naturae
715 2193 884 2273 participes,
902 2193 949 2251 bic
970 2195 1066 2272 portio
1091 2194 1187 2251 minor
1213 2193 1322 2250 lucilius

266 2297 354 2355 quam
374 2280 478 2356 major,
495 2281 531 2338 ad
553 2282 717 2342 dissimilem
738 2287 834 2344 locum
851 2285 953 2363 jacta,
965 2287 1045 2364 prius
1064 2286 1209 2344 violentia:
1229 2287 1320 2344 cedit:

266 2386 388 2444 eamque
408 2369 499 2428 levem
517 2376 768 2452 cognominamus,
785 2390 815 2436 et
833 2378 944 2450 locum,
961 2378 997 2436 ud
1009 2397 1095 2454 quem
1109 2379 1321 2456 compellimus,

268 2479 400 2518 sursum:
424 2466 594 2524 contrariam
615 2467 660 2525 bis
678 2469 859 2528 allectionem
880 2489 968 2546 grave
981 2469 1121 2547 quiddam
1141 2483 1229 2547 atque
1243 2469 1323 2528 decr-

268 2569 350 2610 sum:
379 2550 440 2610 baec
462 2553 561 2633 ntique
583 2557 702 2618 dillerre
728 2561 853 2618 invicem
878 2561 1069 2619 neceesarium
1088 2573 1148 2634 est,
1170 2575 1321 2640 propterea

267 2642 347 2720 quod
371 2663 507 2720 generum
535 2651 733 2711 multitudines
758 2654 852 2712 locum
878 2653 941 2710 aliis
969 2655 1146 2712 contrarium
1172 2651 1319 2712 obtinent:

268 2734 348 2812 quod
364 2736 440 2794 enim
455 2737 484 2795 in
504 2739 560 2798 alio
574 2742 638 2800 locu
653 2744 716 2802 leve
730 2757 773 2802 est
778 2787 787 2818 ,
805 2744 863 2802 levi
872 2785 880 2811 ,
890 2743 969 2820 quod
982 2747 1011 2801 iu
1024 2743 1089 2802 loco
1103 2755 1147 2802 est
1161 2743 1318 2802 contrariu:

267 2839 297 2884 et
309 2845 396 2904 grave
409 2829 553 2904 similiter,
577 2836 679 2911 gravi:
702 2849 732 2896 et
749 2835 789 2905 ei,
808 2836 886 2914 quod
909 2835 1044 2894 deorsum
1066 2835 1183 2904 dicitur,
1202 2835 1233 2894 id
1246 2833 1319 2912 quud

268 2919 420 2978 deorsum:
433 2922 533 2999 eique,
552 2926 630 3002 quod
644 2947 773 3000 sursum,
797 2928 827 2987 id
850 2927 930 3006 quod
950 2927 1055 2986 dicitur
1075 2947 1208 2987 sursum:
1230 2927 1319 2985 omnia

268 3009 344 3068 enim
361 3008 422 3068 bac
439 3024 598 3076 transversa
619 3019 740 3078 invicem
760 3033 789 3078 et
807 3021 952 3078 connatis
972 3039 1005 3080 ac
1023 3019 1139 3098 penitus
1160 3019 1319 3078 dillereutia

267 3119 329 3160 etse
344 3101 465 3180 fierique
477 3108 658 3184 reperientur
668 3133 674 3167 :
685 3131 774 3170 unum
787 3125 880 3170 tamen
896 3111 926 3170 id
943 3111 979 3170 de
994 3111 1040 3169 his
1050 3111 1186 3171 omnibus
1195 3113 1320 3188 cogitare

268 3191 357 3264 dum»
376 3193 455 3271 quud
471 3197 518 3256 via
531 3203 698 3280 gressioque
711 3205 903 3282 singulorum,
919 3205 955 3262 ud
968 3204 1059 3262 simile
1069 3217 1158 3282 atque
1172 3217 1318 3282 cognatum

266 3283 360 3342 serens
370 3327 377 3354 ‚
389 3305 474 3362 grave
487 3289 555 3350 facit
570 3292 616 3366 id,
628 3295 707 3372 quod
722 3297 827 3355 femur:
842 3298 938 3356 locum
952 3315 1035 3368 vero,
1045 3299 1074 3354 in
1087 3317 1176 3375 quem
1188 3298 1244 3356 tale
1254 3295 1319 3374 quid

268 3373 369 3446 fertur,
381 3375 533 3440 deorsum:
550 3405 615 3464 quae
629 3389 713 3446 aliter
723 3407 753 3446 se
767 3388 875 3448 hebent
885 3431 892 3457 ,
904 3389 988 3448 aliter
1002 3389 1105 3447 afficit:
1122 3389 1227 3447 herum
1239 3388 1320 3466 igitur

267 3466 431 3544 passionum
456 3473 618 3551 hujusmodi
639 3480 770 3558 quaedam
793 3480 876 3540 dicta:
898 3481 954 3540 sint
976 3501 1078 3540 causae.
1095 3481 1191 3540 Laris
1211 3483 1278 3540 item
1294 3491 1319 3537 et

267 3575 374 3660 tepere:
386 3561 525 3660 passionis
539 3588 652 3630 causam
667 3572 788 3648 quilibet
801 3574 921 3632 inmittis
932 3575 1045 3651 aperire
1058 3573 1121 3632 aliis
1134 3574 1258 3651 poterit:
1271 3572 1319 3630 du-

266 3661 346 3706 rittes
360 3666 435 3706 cutm
456 3651 530 3715 banc
543 3660 728 3740 inaequalitati
749 3667 908 3743 permixta,
928 3665 1006 3724 illam
1020 3651 1091 3724 vero
1111 3666 1259 3745 equalitas
1271 3685 1319 3722 ex-

266 3739 347 3800 bibet
368 3739 509 3804 densitati.

306 3832 362 3936 Stil
385 3852 483 3894 etrum
507 3844 685 3919 passionum,
705 3868 769 3925 quae
788 3849 863 3908 circu
886 3861 980 3908 totum
1004 3868 1110 3928 corpus
1134 3849 1319 3910 communiter

266 3925 415 4025 ffoelduflls
437 3948 471 3986 08
493 3947 580 3993 restat
596 3939 730 4012 maxima,
751 3961 815 4019 quae
830 3941 985 4020 voluptatis
1000 3941 1169 4020 dolorisque
1183 3955 1228 4001 est
1239 3961 1316 4000 causa

265 4033 294 4070 ¹¹¹
312 4016 372 4088 ¹¹¹⁸:
388 4037 453 4095 quae
473 4023 620 4086 diximus:
643 4031 772 4090 similiter
789 4051 976 4112 qrraectimque
1000 4053 1053 4112 per
1077 4035 1211 4112 corporis
1229 4045 1316 4110 partes
