2786 4674
251 333 321 430 57⁶
587 333 636 400 Μ.
663 335 701 401 T.
728 334 980 404 c1cnuou1s

249 475 307 513 reae
326 449 508 530 mobilesque
529 469 565 508 ex
588 451 652 530 ipsa
678 453 871 530 generationis
898 451 1064 512 conditione
1094 455 1324 534 subjiciuntur-¹:

249 567 353 625 nempe
367 545 429 604 haec
442 545 538 604 omnia
550 546 689 622 temporis
705 546 842 606 imitantis
856 565 950 604 aevum
966 565 1054 624 seque
1074 567 1199 607 nurnero
1215 551 1325 608 revol-

247 640 341 698 ventis
358 639 468 716 species
485 649 570 696 suut:
586 657 661 714 saepe
682 639 766 696 etiam
784 639 921 706 dicimus,
943 639 1022 717 quod
1044 641 1152 700 lactum
1170 655 1234 712 est,
1257 663 1324 701 esse

250 733 375 791 lactum:
390 729 470 808 quod
484 729 530 801 lit,
544 730 573 787 in
588 732 773 807 generatione
792 751 867 790 esse:
880 730 959 809 quod
977 733 1042 802 liet,
1056 753 1118 791 esse
1133 734 1323 793 faciendum:

249 837 278 882 et
290 822 370 902 quod
387 841 446 880 noo
462 819 521 893 est,
532 841 590 878 non
604 841 685 880 esse:
707 841 831 900 quorum
852 823 925 882 nihil
941 837 1019 882 recto
1038 837 1068 882 et
1083 841 1186 885 exacta
1202 829 1323 888 ratione

249 916 390 975 dicimus:
411 913 462 974 sed
487 912 658 992 exquisitam
677 911 714 971 de
734 914 770 972 iis
788 913 993 974 discussionem
1012 935 1140 994 praesens
1156 917 1323 996 disputatio

248 1028 307 1068 non
323 1006 461 1084 requirit:
478 1019 590 1083 tempus
608 1023 677 1062 vero
692 1025 830 1064 unacum
849 1007 920 1064 caelo
938 1007 1043 1066 lacman
1057 1021 1119 1078 cst,
1137 1022 1172 1066 ut
1182 1027 1323 1068 unaorta

250 1121 308 1160 una
321 1099 407 1158 etiam
418 1097 628 1170 dissolvantur,
646 1098 670 1154 si
687 1117 743 1176 qua
759 1097 808 1176 ¹his
825 1098 977 1158 dissolutio
989 1119 1126 1179 umquam
1135 1085 1320 1180 eontigerit:

247 1207 277 1252 et
292 1193 328 1252 ad
343 1191 490 1270 exemplar
504 1203 617 1248 aeternae
634 1204 744 1248 naturae
764 1190 831 1249 ideo
852 1193 959 1250 lactum
981 1206 1044 1261 est,
1063 1206 1095 1251 ut
1116 1193 1243 1252 muudus
1265 1195 1319 1254 hic

248 1287 290 1348 illi
302 1282 510 1364 prestantior-i,
532 1282 628 1360 quoad
645 1297 751 1361 potest,
766 1284 927 1344 simillimus
944 1285 997 1344 sit:
1011 1285 1060 1345 ille
1074 1286 1152 1344 enim
1173 1290 1318 1347 mundns,

248 1377 335 1456 hujus
349 1375 507 1452 exemplar,
521 1393 607 1452 omne
619 1395 672 1453 per
682 1395 775 1434 aevum
789 1389 847 1436 est:
859 1376 906 1436 hic
918 1397 989 1436 vero
1002 1393 1143 1456 perpetuo
1157 1401 1212 1458 per
1226 1401 1317 1440 omne

247 1482 361 1548 tempus
376 1468 430 1526 luit
444 1467 533 1544 litque
549 1467 627 1526 eolus
639 1479 669 1525 et
683 1467 760 1546 erit]

297 1607 357 1674 1x.
385 1603 560 1672 Ratione¹
584 1601 693 1697 igitur
711 1613 747 1672 et
767 1616 889 1672 mente
909 1598 1045 1690 divina,
1068 1600 1114 1673 ad
1135 1605 1317 1701 originem

249 1716 446 1815 temporis,
464 1714 681 1786 curriculum
705 1715 893 1786 inventum
920 1729 976 1786 est
1000 1714 1086 1787 solis
1106 1729 1143 1787 et
1174 1717 1316 1799 lunae²;

289 1841 330 1918 [et
348 1840 410 1898 aliae
428 1838 557 1915 quinque
578 1837 684 1908 stellae,
707 1855 771 1914 que
790 1850 932 1896 vocantur
956 1839 1104 1912 erraticae,
1126 1840 1211 1899 lectae
1230 1853 1316 1910 stent,

249 1951 307 2012 quo
321 1929 459 2008 temporis
473 1947 611 1986 numerus
624 1926 817 2006 distinguatur
830 1940 917 2007 atque
933 1928 1129 2010 observetur]

252 2053 413 2144 Corpora
437 2059 557 2116 autem
583 2064 709 2115 eorum
738 2043 963 2142 singulorum
992 2072 1106 2144 quum
1137 2045 1315 2120 effecisset

252 2161 367 2247 Deus,
379 2181 420 2227 ea
436 2155 480 2225 ad
494 2178 554 2225 eas
568 2155 821 2227 conversiones
839 2153 1045 2246 collocavit,
1062 2181 1151 2255 quas
1169 2157 1313 2230 alteriue

252 2268 421 2362 circuitus
437 2262 672 2351 conficiebat,
690 2288 770 2361 quae
790 2280 875 2336 sunt
892 2282 1051 2363 septem,
1071 2283 1112 2338 ut
1131 2281 1168 2340 et
1184 2267 1246 2342 illa
1265 2294 1313 2340 se·

253 2393 350 2476 ptem
369 2403 376 2445 :
397 2377 446 2446 ita
464 2378 537 2443 vim
554 2397 656 2445 suam
671 2389 797 2445 natura
813 2378 1061 2464 convertit,ut
1074 2392 1207 2450 terram
1224 2380 1313 2450 lunae

253 2509 379 2560 cursus
395 2485 558 2584 proxime
571 2482 739 2571 ambiret,
754 2487 860 2580 eique
878 2509 987 2584 supra
999 2502 1129 2557 terram
1150 2490 1314 2586 proxima

252 2598 336 2669 solis
361 2595 615 2668 circumvectio
644 2607 745 2664 esset.
777 2593 921 2665 Lucifer
946 2595 1096 2686 deinde,
1119 2612 1156 2668 et
1196 2615 1314 2670 sancta

251 2707 420 2780 Mercurii
439 2701 540 2774 stella
558 2727 704 2773 cursum
725 2701 862 2775 habent
878 2704 963 2776 solis
981 2705 1154 2777 celeritati
1176 2731 1312 2805 parem,

254 2813 317 2888 sed
339 2818 409 2884 vim
431 2812 624 2910 quamdam
651 2816 883 2900 contrariam3
911 2839 1026 2911 eaque
1053 2819 1313 2903 conversione,

256 2951 364 3022 quam
384 2926 479 2994 inter
496 2947 534 2994 se
559 2921 697 2994 habent
723 2922 885 3010 Lucifer,
912 2926 1134 3009 Mercurius,
1153 2927 1237 3014 Sol,
1259 2926 1313 2997 alii

254 3034 341 3106 alios
371 3035 547 3121 vincunt,
575 3033 804 3131 vicissimque
836 3035 1041 3105 vincuntur.
1078 3034 1313 3131 Reliquorum

255 3144 413 3217 siderum
434 3167 515 3241 quae
532 3166 638 3214 causa
657 3141 856 3216 collocandi
872 3142 1000 3231 fuerit,
1016 3167 1170 3242 quaeque
1190 3169 1313 3217 eorum

291 3335 336 3382 lx.
353 3349 374 3382 r.
392 3331 496 3382 Roriam
510 3364 571 3382 .....
585 3331 709 3392 etlume,
730 3349 763 3380 ex
806 3332 978 3384 'l'neodoretia
996 3333 1073 3398 megia
1090 3331 1122 3384 ed
1139 3332 1236 3382 litere!
1249 3335 1315 3382 terti·

253 3413 346 3473 Nonio,
359 3415 405 3470 111,
417 3413 463 3462 55.
476 3413 525 3482 Dat
536 3427 634 3476 qnoque
646 3411 762 3462 Priscian.
807 3423 855 3472 tur,
876 3435 889 3455 ι
897 3414 921 3462 le
934 3412 1016 3462 verbe
1029 3421 1054 3460 et
1067 3411 1161 3476 l'nprit
1180 3411 1212 3460 de
1222 3413 1285 3460 Dien
1294 3435 1313 3458 ι.

254 3507 311 3558 pog.
326 3491 508 3553 rano,qoaaie
522 3492 647 3540 Ciceronis
657 3490 764 3551 timeo,
807 3491 871 3542 Vide
885 3503 980 3542 noetru
992 3503 1063 3541 notae
1085 3492 1118 3540 ed
1137 3491 1221 3540 Ιοοω
1237 3491 1314 3540 letne

255 3567 402 3636 &storniz
415 3571 439 3618 J.
448 3571 480 3616 V.
495 3573 521 3618 1..
537 3595 572 3606 —
584 3571 640 3618 dat.
651 3581 675 3617 et
687 3581 765 3618 remae
808 3573 847 3620 nit
866 3573 1010 3638 inscriptum
1033 3572 1067 3620 les
1079 3573 1148 3620 deux
1160 3571 1274 3635 Nudae,
1289 3572 1312 3618 in

258 3649 347 3698 divinar.
365 3649 446 3696 Vertit
458 3648 509 3698 Cio.
523 3648 639 3711 preclara
656 3649 765 3697 Plutonia
808 3653 899 3700 normis
914 3652 1015 3701 Penedee
1025 3651 1232 3700 deracau.
1243 3653 1271 3700 L

257 3729 329 3779 verbe
339 3727 409 3796 λόγου
421 3723 462 3777 καὶ
475 3721 586 3788 dtevoler
595 3731 659 3791 deci,
672 3745 697 3779 κ.
706 3746 731 3780 r.
739 3733 763 3779 λ.
843 3745 869 3778 a.
885 3729 947 3778 Solia
964 3743 990 3778 ee
1004 3731 1076 3778 lena.
1099 3728 1139 3777 lbi
1151 3728 1242 3777 deennt
1253 3743 1312 3794 qne·

256 3813 403 3873 Monrguee,
426 3805 489 3854 Plan
505 3803 659 3870 tddologique
675 3806 708 3855 du
719 3809 762 3866 Pr·
808 3807 862 3856 dam
876 3825 931 3874 qnae
948 3825 978 3858 ex
996 3809 1073 3858 Ficini
1086 3809 1200 3858 versione
1220 3809 1312 3874 repple-

254 3885 418 3951 dqmirm,
439 3883 492 3932 lieo
511 3883 584 3932 verbe
600 3883 687 3948 gallice
700 3885 762 3934 verti
807 3887 899 3946 rimor,
918 3887 946 3936 in
966 3887 1055 3953 quibus
1072 3901 1120 3937 «et
1139 3887 1194 3936 elin
1212 3889 1311 3952 quinqoe

256 3968 306 4015 vult
320 3963 492 4014 uleVerbect
506 3963 529 4010 la
542 3963 630 4025 penurie
643 3964 763 4028 divinen,
807 3965 903 4014 stelin·
924 3977 1030 4027 nount3
1055 3969 1223 4029 Mercurium,
1236 3967 1309 4016 Vere·

254 4046 327 4094 nixos
340 4044 483 4096 auctoritate
496 4040 621 4104 Philonia,
633 4043 730 4092 Eusebii
737 4055 765 4094 et
807 4059 873 4106 rem,
886 4047 1007 4106 Martem,
1024 4048 1125 4110 lovem,
1135 4059 1162 4098 et
1175 4049 1309 4098 Saturum
