2748 4670
166 355 172 376 .
237 311 307 395 348
574 311 622 380 Μ.
649 311 687 378 Τ.
714 305 964 378 CICERONIS

235 431 383 518 Desine,
401 454 524 528 qnaeso
536 425 581 520 ¹³,
595 426 849 502 communibus
863 427 972 498 locis:
990 423 1090 496 domi
1106 422 1222 495 nobis
1241 426 1304 496 ista

236 553 443 611 nascuntur.
469 541 504 611 Si
522 541 645 636 qnis¹i
670 536 759 610 deus
784 553 820 609 te
843 538 1058 632 interroget,
1080 536 1178 606 sanis
1194 535 1303 606 modo

236 662 272 720 et
297 649 445 744 integris
470 647 653 737 sensibus,
680 673 770 718 num
798 647 952 744 amplius
980 642 1071 743 quid
1097 642 1302 731 desideres;

235 756 325 856 quid
349 755 636 856 respondeas¹⁵i
662 761 809 830 Utinam
837 754 985 855 quidem
1008 751 1127 852 roget!
1158 752 1301 841 audias,

235 893 344 966 quam
370 869 562 940 nobiscum
586 867 679 940 male
702 863 866 965 egeritffi.
887 869 937 936 Ut
959 865 1054 937 enim
1073 887 1162 934 vera
1181 861 1302 935 videa·

233 1001 334 1066 mus,
363 1003 471 1077 quam
494 979 600 1078 longe
625 975 896 1050 videbimus¹⁷i
923 979 998 1073 Ego
1020 973 1140 1046 Catuli
1170 975 1300 1044 Cuma·
1343 1056 1345 1070 Ι

233 1195 259 1234 st
276 1195 303 1234 tu
316 1201 382 1234 vero.
392 1222 413 1236 ..
426 1185 551 1251 quomodo
562 1197 590 1236 tn
602 1187 649 1236 ists
661 1186 751 1237 distin:
793 1187 873 1248 s'EJ'us
885 1186 983 1254 (Corte)
996 1183 1115 1242 crsticui,
1124 1197 1182 1230 non
1193 1197 1251 1230 seue
1262 1180 1298 1228 de

233 1265 307 1330 guis?
789 1265 870 1314 sidero
886 1264 954 1330 quod
967 1261 1147 1328 respondeum:
1168 1261 1228 1308 setis
1240 1259 1298 1307 euiru

272 1347 312 1393 13.
327 1345 416 1393 Desine
435 1361 530 1410 quoeso.
552 1346 656 1394 Gorreus
681 1345 741 1396 det:
789 1345 887 1393 defense
904 1343 991 1408 religio
1009 1353 1076 1391 est».
1088 1343 1126 1389 Ex
1143 1355 1218 1404 pane
1234 1353 1297 1387 cour·

239 1445 252 1468 e
260 1425 304 1473 sed
314 1425 406 1485 desine,
418 1426 643 1490 queso-,Vulgare
653 1424 744 1490 inquit,
788 1425 856 1472 ruuui
865 1425 991 1488 utriusque
999 1438 1071 1487 prou.
1078 1419 1232 1483 conpendio
1243 1428 1266 1464 et
1275 1417 1298 1464 h.

232 1503 330 1568 ignoret
338 1505 392 1566 sed,
402 1507 472 1566 cujus
483 1505 541 1555 loco
549 1506 575 1554 in
584 1507 651 1571 prius
660 1505 743 1571 editis,
787 1504 805 1552 l.
823 1503 916 1552 librarii
933 1510 1082 1568 peccarunt,
1094 1510 1119 1547 et
1135 1499 1232 1562 ubique
1242 1511 1296 1560 pec·

233 1593 351 1646 estusque
370 1583 492 1647 impressis
518 1595 542 1632 et
559 1584 657 1648 legitur.
677 1583 744 1632 Mne
787 1595 852 1632 cent.
863 1609 898 1622 -
912 1583 989 1633 Nobis
1010 1592 1091 1630 sutem
1110 1579 1166 1628 hsrc
1183 1577 1297 1626 correctio

233 1674 308 1724 quum
314 1661 372 1722 boc,
379 1673 431 1710 tum
440 1662 509 1712 illud.
517 1663 671 1728 Conquestus
678 1663 743 1711 enisu
787 1679 884 1712 sensum
893 1663 967 1726 lunge
980 1661 1147 1709 obscuriorem
1168 1657 1254 1706 fecisse
1265 1655 1295 1702 ri·

233 1749 284 1786 eret
292 1739 343 1790 Cic.
350 1737 401 1808 jero
412 1751 469 1789 ente
483 1741 512 1789 de
526 1742 563 1790 his
573 1741 743 1789 communibus
788 1742 860 1790 detur
871 1743 913 1805 qui
922 1751 1001 1806 petet,
1015 1740 1037 1787 si
1050 1739 1174 1801 intelligas
1187 1748 1216 1786 ut
1228 1735 1295 1784 vertit

232 1817 316 1866 lucios
330 1819 432 1868 Lucullo
445 1819 575 1879 adbibitis;
587 1836 619 1868 ne
632 1821 708 1884 igitur
717 1819 741 1868 b.
788 1821 906 1870 castillon
918 1837 927 1866 .-
938 1841 951 1861 a
959 1835 1007 1883 que
1020 1817 1216 1884 repondente-je,
1230 1815 1294 1863 dites·

177 1921 180 1936 ι
232 1896 250 1944 l.
262 1897 356 1945 nudum
364 1898 446 1946 desine
455 1898 485 1946 ed
495 1899 543 1947 boc
550 1900 687 1964 proiectum
695 1913 743 1963 pu·
786 1915 864 1959 vous,
883 1898 897 1946 l
910 1916 944 1947 un
956 1899 1019 1947 Dicu
1028 1899 1071 1962 qui
1080 1915 1119 1947 me
1130 1897 1293 1946 demudersit

232 1987 277 2024 tes.
289 1978 367 2023 Immo
386 1993 418 2025 ex
433 1977 479 2025 huc
492 1989 528 2036 et,
548 1993 620 2041 quum
637 1989 743 2042 qustum
787 1978 809 2027 si
819 1979 845 2040 je
860 1979 970 2027 souhsite
983 1978 1089 2043 quelque
1106 1977 1184 2026 chose
1199 1977 1229 2025 de
1244 1977 1294 2042 plus

232 2054 281 2102 orei
299 2063 398 2116 tenent,
416 2055 461 2102 sed
478 2057 649 2120 corrigendum
674 2066 741 2116 eret,
786 2073 834 2121 que
846 2053 977 2124 l'iute'griti
988 2067 1013 2105 et
1027 2057 1051 2104 le
1064 2056 1116 2104 bon
1129 2056 1190 2104 e'tet·
1200 2055 1230 2104 de
1246 2070 1292 2103 rues

232 2147 288 2180 curu
298 2149 310 2178 s
320 2148 333 2178 e
344 2133 495 2196 precedente
503 2150 565 2182 voce
574 2135 659 2182 haustu
671 2145 741 2194 esset,
786 2133 871 2186 sensi·

232 2221 256 2258 et
268 2209 329 2257 olim
341 2222 378 2257 ser
390 2211 544 2260 scriberetur.
559 2211 634 2276 Quod
652 2229 682 2261 eu
701 2229 741 2260 vs-
823 2218 864 2266 16.
885 2216 1113 2281 Audias...egerit.
1135 2217 1205 2265 Goer.
1227 2212 1292 2260 hebet

233 2289 283 2336 rius
305 2287 410 2348 videtur,
427 2305 482 2337 cure
502 2290 561 2354 frug.
577 2291 634 2339 cod.
655 2289 741 2340 distin·
786 2295 881 2344 abdias.
895 2297 953 2359 Quo
966 2297 1068 2360 sepius,
1083 2295 1180 2358 iuquit,
1195 2295 1245 2342 hec
1254 2307 1290 2339 rs.

173 2439 174 2442 Ἰ
231 2366 404 2432 guissedesr'ne
420 2379 514 2432 peccet.
785 2375 928 2434 considero,
942 2377 1121 2439 eomsgiscurn
1129 2370 1290 2422 Gruterotee

273 2453 311 2501 rt..
319 2445 347 2492 Si
356 2444 409 2510 quis
418 2446 506 2494 deuste
515 2447 561 2496 int.
573 2449 676 2496 Goerens
686 2447 739 2500 det:
786 2453 921 2517 glossemsti
945 2454 1066 2503 adscribo.
1085 2454 1142 2502 Sive
1163 2453 1289 2502 lectionum

231 2523 352 2589 probante
369 2526 466 2573 Leclerc
477 2539 485 2574 :
498 2547 511 2567 ι
520 2526 553 2584 si,
566 2527 662 2591 inquis,
681 2527 741 2577 deus
785 2533 888 2598 ineptius
895 2544 986 2597 spectes
995 2550 1002 2592 ;
1010 2533 1121 2598 plerique
1135 2533 1202 2581 enisu
1212 2529 1288 2593 scripti

233 2611 257 2649 te
268 2603 314 2653 int.
326 2627 338 2646 n
359 2603 452 2664 Miror,
465 2604 547 2668 inquit
564 2607 669 2654 Goereue
684 2609 739 2658 Π.
785 2613 910 2662 audies...
922 2613 1097 2677 agerennsive
1105 2627 1208 2676 pressus
1218 2623 1288 2658 uerus

231 2683 287 2731 Dn.
298 2683 341 2748 qui
354 2684 501 2732 verissimum
514 2683 644 2732 lectionem
657 2685 740 2751 inquis
785 2692 1061 2756 consequentium3nem
1069 2689 1288 2757 proprieasdist...

231 2761 257 2808 iu
278 2761 333 2825 quis
356 2761 486 2826 depravere
508 2764 644 2827 potuerint,
667 2781 740 2829 quem
784 2769 1166 2829 acrrtmsit,scribenduurerst:
1181 2771 1288 2831 sivepn·

230 2840 341 2906 plerique
355 2841 428 2892 codd.
443 2842 559 2902 eliorum,
576 2846 671 2909 meique
689 2862 741 2894 oru-
784 2865 842 2898 vum
859 2849 989 2898 verborum
1001 2851 1125 2914 positum
1136 2865 1215 2914 quuru
1231 2845 1287 2896 mule

231 2935 285 2980 nes,
305 2930 414 2970 tuentur.
436 2921 484 2970 Sed
505 2921 577 2972 etiem
594 2924 678 2972 Deris.
697 2925 740 2990 qui
784 2927 921 2988 nobiseum,
934 2945 996 2977 souo
1012 2929 1043 2977 sd
1059 2930 1124 2978 mals
1137 2931 1285 2994 pertinente,

231 2995 310 3063 inquis
323 3017 354 3047 ex
366 2999 477 3065 pluribus
488 3001 538 3049 suis
551 3002 624 3053 codd.
632 3003 740 3064 reduxit,
784 3006 833 3056 dici
852 3007 951 3056 deberet
964 3022 971 3056 :
985 3009 1035 3057 eive
1049 3007 1155 3071 denique
1165 3005 1284 3056 sententie

230 3087 255 3126 et
268 3077 407 3130 lliilsemen.
422 3081 465 3144 qui
476 3081 543 3129 huuc
555 3093 671 3146 sequutus
684 3093 738 3145 est,
783 3086 856 3148 buius
875 3101 945 3151 prens
964 3088 1132 3152 impietatem
1150 3098 1285 3151 quemquem

231 3157 417 3206 ceciinreruru
435 3169 526 3206 ruunt:
540 3160 738 3210 slisslocumet·
783 3165 822 3213 rel
849 3165 996 3214 Academico
1023 3165 1147 3229 quoddrm
1172 3163 1285 3229 religionis

231 3235 410 3300 tulissent,qni
419 3237 486 3284 solus
499 3253 549 3286 rem
563 3237 739 3288 dirimende
785 3243 902 3292 decorum
932 3245 1075 3294 serrandum
1105 3255 1158 3292 eret
1180 3260 1188 3293 :
1212 3256 1285 3305 susps·

230 3328 303 3375 ΜΡΝ
313 3331 337 3374 7·
353 3329 392 3375 ¹9·
405 3313 444 3362 Ad
456 3330 528 3379 quem
542 3316 582 3365 his
592 3317 679 3381 respici
689 3334 739 3367 cse-
783 3334 822 3371 ctu
844 3324 889 3372 ists
912 3339 964 3372 nou
990 3323 1041 3372 sius
1068 3325 1124 3386 jure
1153 3322 1200 3372 tibi
1218 3320 1284 3370 ›vide-

233 3390 352 3438 tlsslmllm
364 3402 409 3440 est.
782 3401 881 3452 buntur,

269 3469 309 3516 15.
322 3469 387 3516 Num
407 3473 509 3535 amplius
526 3474 589 3538 quid
604 3473 739 3535 desidum
822 3497 860 3545 ¹7·
876 3481 977 3529 Utenim
989 3497 1055 3529 veru
1063 3478 1202 3539 videamus,
1217 3493 1281 3546 quam

231 3547 299 3612 quod
305 3549 460 3611 respondeas.
475 3553 577 3602 Goerenz
590 3552 648 3602 det:
660 3570 736 3602 enum
779 3559 853 3625 longe
864 3561 1020 3609 videbimus?
1037 3561 1119 3608 Duris.
1134 3560 1235 3622 conjicit
1249 3556 1283 3604 oi·

229 3626 334 3690 emplius
344 3626 404 3690 quid
413 3627 545 3691 desideres,
558 3633 626 3696 quod
635 3649 735 3698 respon·
779 3639 902 3696 derimnsr
912 3641 969 3687 Em.
982 3655 1013 3686 ex
1021 3637 1118 3702 scriptis
1129 3637 1281 3702 quibusdem,

231 3705 287 3754 dees
297 3727 319 3754 ι.
332 3705 435 3770 Derepit
447 3707 472 3754 h.
483 3707 500 3756 l.
512 3710 603 3774 inquit,
612 3722 637 3760 et
645 3713 736 3761 scribes
778 3727 806 3765 ut
816 3717 890 3780 dicit,
903 3717 1016 3766 videmus
1032 3716 1108 3765 dedit.
1122 3719 1159 3767 Ar
1176 3733 1221 3765 nos
1237 3714 1283 3778 qui·

230 3794 255 3832 et
266 3785 321 3834 W.
340 3785 395 3832 DD.
417 3787 492 3835 veluti
512 3805 636 3853 pregnans
656 3793 735 3855 verbi,
781 3795 837 3845 dem
854 3808 879 3845 et
896 3798 1000 3861 scriptos
1020 3797 1075 3844 illos
1087 3797 1244 3860 ignoremus,
1262 3803 1282 3840 t!

230 3863 375 3928 respondere
383 3865 463 3925 notio,
473 3881 520 3928 qus
531 3868 578 3915 «iu
589 3871 735 3934 reponsione
780 3877 902 3940 vulgarem
919 3877 1043 3925 meliorem
1060 3875 1131 3924 etiarn
1143 3877 1280 3938 jndicsnus

229 3943 337 3992 inslicere
352 3943 411 4009 qnid
424 3948 544 4010 requires,
559 3948 674 3999 meliusve
686 3968 735 4016 pc·
782 3955 814 4002 Ur
827 3972 885 4005 vero
895 3957 921 4005 h.
934 3956 950 4004 l.
969 3971 1015 4022 pro
1027 3966 1092 4014 suut,
1103 3966 1147 4003 snt
1158 3955 1182 4002 si
1188 3955 1281 4004 velser-

228 4019 330 4082 stulesn,
348 4033 427 4073 notet.
449 4023 487 4075 Ci.
506 4024 589 4074 Divin.
608 4028 677 4092 1,5‚
696 4045 733 4092 ⁹²
780 4034 928 4099 sisne,poni
942 4046 1029 4100 sponte
1038 4034 1191 4097 intelligitur.
1202 4030 1235 4083 G.
