2744 4684
261 368 333 454 456
631 371 866 443 EXCURSUS
891 371 951 440 lv.

260 489 468 556 Tiedemanui
485 489 570 574 Syst.
586 490 618 556 d.
636 491 713 556 Stoi.
729 492 849 556 Pbilos.
869 491 931 554 rol.
951 491 984 569 1,
1012 509 1083 578 pag.
1101 489 1160 574 98,
1179 509 1251 575 seq.
1270 489 1327 552 uhi
1361 509 1362 514 ¹

259 619 299 659 ex
311 595 496 660 Zenoniana
509 595 658 685 allegoria
670 596 740 662 haee
755 598 859 662 elicit:
874 595 1032 684 primum,
1045 596 1254 680 cognationes
1266 618 1327 684 per
1361 639 1362 670 ι

257 723 290 766 se
313 701 480 766 continere
502 724 609 794 neque
631 701 909 790 approbationem,
938 723 1044 791 neque
1061 699 1323 786 reprobatronern.

256 805 340 871 Nam
357 829 395 871 ea
410 807 543 871 samsltas
559 808 676 890 animi,
695 832 760 896 qua
776 808 971 898 percipimus
989 803 1127 893 aliquid,
1151 807 1186 868 in
1205 828 1321 894 appro-

257 911 367 978 bando
384 913 431 976 nil
452 911 583 977 dirimit.
604 913 751 996 Deinde,
778 935 909 978 neeesse
930 928 984 976 est
1007 912 1106 1000 igitur
1130 927 1170 975 ut
1191 911 1322 974 accedat

256 1019 411 1100 effeetus,
436 1041 455 1082 a
477 1019 626 1083 facultate
652 1018 850 1109 percipiendi
877 1017 1129 1098 diversissimus,
1160 1015 1319 1104 siquidem

255 1126 438 1214 approbatio
454 1147 479 1190 s.
494 1127 670 1214 reprobatio
688 1126 798 1190 loeum
812 1126 932 1189 hahere
947 1122 1053 1189 debet.

299 1231 418 1296 Parum
432 1246 497 1313 est,
514 1230 605 1320 quod
617 1231 749 1297 Veteres
765 1229 807 1296 de
824 1232 1010 1296 Stoicorum
1024 1229 1151 1292 mione
1168 1243 1317 1292 namram

253 1360 402 1402 assensus
419 1335 584 1426 aperiendi
600 1339 796 1426 quibusdam
808 1339 888 1403 loeis
908 1336 1072 1402 memoria
1091 1333 1316 1424 prodiderunt.

114 1437 119 1444 ’
252 1442 378 1506 Tullius
390 1443 459 1531 ipse
474 1443 625 1526 breviter,
644 1461 676 1508 et
690 1468 757 1509 non
770 1445 881 1509 multis
894 1442 973 1507 loeis
991 1465 1060 1506 rem
1078 1441 1229 1530 attingit,
1243 1441 1317 1504 reli·

252 1548 324 1634 quis
349 1547 490 1612 historie
512 1548 726 1638 philosophiae
748 1548 864 1615 veteris
887 1547 1098 1636 scriptoribus
1119 1546 1314 1610 tabentibus.

251 1653 301 1717 De
317 1651 506 1718 delinitione
522 1677 637 1720 eorum
654 1653 799 1745 diligenti
816 1677 976 1731 assensus,
994 1669 1027 1718 et
1042 1651 1315 1718 demonstratione

251 1758 336 1840 ejus,
356 1758 402 1822 nil
427 1758 468 1824 ad
493 1757 655 1847 liquidum
672 1759 806 1848 perduci
823 1761 957 1850 poterit,
984 1757 1049 1823 vid.
1068 1759 1133 1822 Cio.
1153 1757 1195 1822 de
1219 1759 1313 1840 Fato,
1361 1747 1362 1820 ζ

250 1886 278 1927 e.
296 1861 353 1946 18,
370 1862 420 1928 ed.
434 1865 558 1949 Bremi,
572 1865 629 1929 ubi
645 1864 705 1928 alia
721 1880 770 1928 est
784 1864 952 1954 allegoria3
976 1863 1049 1928 coll.
1076 1862 1199 1944 Gellio,
1222 1863 1313 1928 Noct.

250 1973 446 2057 Att.19,1;
466 1971 550 2036 Sext.
568 1971 663 2059 Emp
679 1969 749 2034 adv
771 1970 881 2059 Logic.
899 1985 977 2034 sect
990 1969 1069 2056 3975
1091 1968 1187 2034 ihil
1207 1969 1245 2033 A.
1262 1971 1314 2032 Fa·
1361 1981 1362 1990 ¹

250 2074 410 2156 hn'cium,
429 2074 705 2141 literatissimum
696 2091 917 2166 interpretem.
1361 2071 1362 2096 ¹

294 2176 370 2241 Non
390 2178 478 2267 piget
496 2178 633 2262 addere,
655 2180 752 2247 talem
766 2179 970 2269 allegoricam
987 2201 1132 2246 assensus
1151 2195 1184 2242 et
1199 2201 1311 2267 appro-
1361 2189 1362 2242 l

251 2291 385 2354 bationis
404 2314 449 2356 rer
445 2291 527 2374 'fide
539 2293 647 2380 dignm
665 2291 992 2375 demonstrationem,
1010 2293 1189 2357 etiamnum
1207 2293 1242 2355 iu
1255 2294 1311 2357 Hi·
1361 2283 1362 2394 l

250 2396 361 2483 spania
377 2395 578 2462 meridionali
602 2399 751 2462 obtinere
770 2421 914 2480 morem,
931 2397 1012 2462 dum
1033 2397 1214 2463 sacerdotes
1231 2421 1262 2462 v.
1283 2422 1308 2462 c.

249 2499 513 2566 adexsistentiam
521 2499 574 2568 dei
587 2503 786 2592 probandam
799 2526 949 2594 pugnum
963 2503 1109 2569 clausurn
1126 2506 1231 2569 oculis
1242 2528 1308 2594 spe·
1361 2503 1362 2576 l

248 2607 406 2670 euntium
422 2605 610 2672 auditorum
629 2607 824 2673 ostendunt·
815 2607 931 2691 ;cujus
948 2608 1148 2673 eontrarium
1160 2625 1227 2691 est,
1247 2631 1307 2672 ma·
1361 2631 1362 2700 p

248 2734 311 2776 nus
325 2710 457 2802 digitis
447 2736 482 2776 ιιι
495 2713 735 2803 longitudinem
754 2713 893 2778 extensis
902 2737 1000 2803 ,quse
1016 2737 1084 2778 rem
1098 2736 1169 2778 non
1181 2737 1307 2779 assensu
1361 2715 1362 2788 l

248 2815 402 2940 dignam
393 2819 512 2883 annuit.
529 2821 601 2884 lloc
615 2818 749 2885 edoctus
767 2841 840 2884 sum
854 2820 894 2884 ab
913 2819 1081 2909 Hispano
1072 2841 1164 2908 ipso,
1184 2819 1305 2902 adulto,
1361 2791 1362 2928 l

247 2925 304 3012 qui
327 2947 398 2989 mea
416 2925 620 2990 institutione
636 2928 670 2990 in
692 2927 860 2991 teutonico
876 2949 1028 2991 sermone
1052 2925 1265 3016 intelligendo
1278 2943 1305 2990 et

247 3029 418 3096 scribendo
441 3031 612 3113 utebatur,
632 3047 665 3096 et
685 3033 719 3095 in
744 3031 843 3097 domo
868 3055 939 3097 mea
955 3055 1014 3122 per
1032 3055 1159 3097 annum
1176 3034 1302 3098 vivebat.
1361 3051 1362 3122 ζ

246 3136 381 3200 Librum
398 3136 488 3222 Fray
499 3137 576 3201 Lais
590 3137 631 3200 de
647 3134 816 3217 Granada,
830 3152 863 3203 et
878 3137 956 3203 alios
967 3185 976 3220 ,
987 3161 1048 3228 pro
1060 3139 1125 3203 isto
1138 3141 1302 3204 morelau-

247 3239 352 3306 dabat.
370 3243 447 3307 Haec
462 3242 595 3331 quidem
613 3242 654 3307 ad
675 3243 834 3308 theoriam
855 3245 1154 3333 comprehensionis
1172 3247 1301 3312 Stoicam
1361 3237 1362 3260 ¹

247 3347 425 3432 pertinent,
438 3348 481 3412 ob
499 3347 751 3414 similitudinem.
770 3350 870 3416 Hans.
