2764 4688
427 345 704 418 excursos
728 345 780 416 11.
1074 347 1139 443 187

67 466 163 532 sarit:
179 465 216 530 in
233 459 330 532 rebus
344 466 421 554 ipsis
435 483 544 534 autem
561 489 630 532 esse
644 468 730 547 vim,
747 487 819 554 quar
835 465 945 530 animo
958 467 1051 532 istam
1065 491 1140 557 spe·

66 571 147 636 ciem
164 573 350 661 imprimat,
369 595 506 660 eamque
521 573 586 638 vim
601 595 671 638 esse
684 588 940 662 permanentem.
954 573 1026 640 Hoc
1041 575 1141 664 igitur

65 675 245 766 discipline
257 677 454 744 Aristoteleae
467 679 636 766 proprium
649 662 825 765 eratquod
840 699 943 763 quum
953 678 1006 742 alii
1019 679 1060 744 ab
1074 703 1141 746 una

65 783 248 872 eademque
269 807 383 867 causa,
400 785 557 850 sciliceta
580 784 681 875 figura
706 801 739 850 et
763 799 872 865 motu,
892 806 1005 848 sensus
1026 809 1140 852 omnes

61 886 267 979 repeterent,
280 891 442 980 nequead
457 913 568 974 sonos,
581 908 616 957 et
628 893 805 973 colores‚et
818 889 955 972 odores,
967 907 1001 955 et
1011 915 1141 980 sapores

65 995 252 1084 gignendos
274 997 355 1062 ullas
380 1019 479 1062 noras
497 1013 530 1062 et
553 998 700 1088 proprias
723 996 806 1062 vires
830 997 865 1062 in
884 997 981 1062 rebus
998 1001 1139 1064 externis

63 1104 298 1189 requirerent:
324 1105 513 1170 Aristoteles
535 1127 555 1169 e
577 1105 741 1170 contrario
763 1104 898 1193 singulis
917 1126 1073 1170 sensuum
1090 1105 1141 1170 af·

64 1209 279 1290 lectionibus,
291 1210 434 1299 singulas
448 1211 484 1274 in
501 1209 599 1276 rebus
610 1209 750 1278 extemis
762 1208 930 1298 qualitates
946 1209 1138 1300 assignabat.

106 1313 234 1397 «Quod
250 1314 456 1406 intelligitur,
472 1317 617 1406 primum
633 1339 673 1382 ex
688 1314 839 1405 eo‚quod
851 1316 1092 1398 Democritum,
1106 1335 1140 1384 et

64 1433 250 1484 atomorum
284 1421 490 1506 defensores,
521 1423 716 1510 explicantes
741 1445 895 1510 saporum
922 1423 1139 1511 colorumque

63 1526 230 1590 anxietates
252 1549 294 1591 ex
322 1525 496 1616 figurarum
524 1527 727 1606 diversitate,
756 1543 925 1618 oppugnat
951 1528 963 1617 (
979 1529 1064 1604 libro
1094 1527 1136 1593 de

64 1651 178 1715 sensti,
202 1653 231 1698 c.
256 1632 314 1717 d),
331 1649 428 1699 utens
447 1632 568 1724 duplici
592 1649 802 1724 argumento,
825 1650 860 1698 et
882 1633 972 1722 quod
988 1634 1136 1700 colorum

63 1757 282 1826 saporumque
299 1738 380 1804 alius
396 1740 450 1805 alii
465 1740 636 1830 oppositus
652 1741 712 1824 sit,
735 1757 774 1806 nt
797 1741 892 1829 nigro
920 1739 1030 1821 albus,
1046 1739 1136 1806 dulci

63 1863 207 1925 anrus3
221 1843 400 1933 figurarum
416 1845 476 1912 alia
492 1846 545 1910 alii
563 1846 713 1935 opposito
728 1869 796 1912 non
815 1847 870 1928 sit,
888 1861 922 1910 et
942 1844 1033 1932 quod
1051 1845 1135 1936 ligu-

63 1969 168 2013 rarum
185 1971 303 2040 genera
315 1950 440 2016 infinita
453 1953 537 2035 sint,
551 1953 700 2018 colorum
710 1973 929 2041 saporumque
945 1949 1136 2018 differentiae

63 2052 169 2120 linitae.
186 2055 315 2122 Deinde
329 2059 364 2122 in
383 2058 570 2147 explicanda
592 2059 710 2123 vitibus
724 2076 830 2126 cetera
846 2059 1051 2142 obscuriora,
1071 2059 1137 2126 hoc
1229 2119 1233 2127 .

63 2161 294 2250 perspicuum:
313 2164 520 2230 Aristotelem
537 2163 636 2228 rebus
652 2163 796 2232 tribuere
814 2163 937 2253 aliquid
957 2166 1059 2232 instar
1075 2189 1134 2232 co-

62 2263 150 2349 bris,
174 2265 268 2355 quod
280 2285 373 2333 motu
388 2285 421 2333 et
435 2269 538 2359 figura
556 2268 648 2334 nullo
662 2267 763 2334 modo
782 2270 997 2338 contineatur.
1014 2281 1134 2350 amesia

63 2372 144 2436 enim
160 2373 207 2436 ait
217 2373 257 2461 (l.
271 2395 300 2439 c.
316 2395 387 2463 cap.
401 2373 482 2456 3,et
497 2373 538 2440 de
555 2373 664 2438 anima
674 2421 684 2456 ‚
695 2396 724 2439 o.
738 2399 757 2463 7
769 2376 781 2462 )
791 2376 825 2442 in
843 2399 981 2466 corpore
999 2397 1067 2442 esse
1081 2374 1133 2458 id,

63 2477 148 2563 quod
162 2499 284 2568 corpus
298 2479 417 2546 coloris
433 2503 534 2570 capax
554 2479 621 2544 sive
640 2480 822 2546 coloratum
848 2492 917 2548 sare
941 2487 1047 2563 δύναμιν
1064 2480 1135 2546 effi·

63 2583 137 2661 ciat,
153 2597 189 2646 et
206 2581 380 2648 accedente
397 2583 490 2666 luce,
516 2583 634 2650 coloris
652 2592 771 2668 ὖνίργιιι,
786 2585 916 2674 gignat:
934 2583 999 2649 hoc
1015 2589 1133 2665 διαφανὲς

62 2689 125 2753 vult
132 2689 289 2781 intelligi,
302 2707 341 2755 ut
356 2709 506 2757 naturam
516 2693 658 2783 aliquam
669 2673 834 2784 propriam
845 2737 855 2776 ,
865 2713 937 2779 quaa
948 2691 1026 2754 insit
1034 2691 1132 2758 rebus

64 2792 335 2883 adspectabilibns.
348 2798 498 2887 Denique
507 2801 675 2866 sensibiles
688 2800 785 2864 rebus
799 2800 920 2864 formas
929 2795 1054 2874 tribuit,
1064 2819 1134 2862 sen·

66 2921 198 2990 sumque
215 2904 329 2968 morit
342 2925 412 2969 esse
429 2905 581 2995 id,quod
598 2924 710 2997 aptum
727 2906 770 2972 sit
784 2904 828 2972 ad
843 2899 1043 2992 recipiendas
1056 2903 1131 2968 istas

64 3005 194 3090 lormas,
213 3005 273 3072 sed
288 3031 310 3072 a
326 3010 459 3074 materie
477 3027 656 3100 separatas,
673 3012 728 3076 cui
742 3025 837 3076 antea
853 3008 1022 3075 insuerint.
1043 3004 1131 3097 Ergo

64 3111 101 3176 ita
117 3113 255 3178 senserit
273 3137 403 3180 necesse
419 3133 492 3181 est:
509 3117 544 3180 in
564 3119 663 3183 rebus
679 3133 730 3182 tot
748 3139 818 3182 esse
837 3115 977 3182 divertas
993 3115 1080 3178 inter
1097 3137 1131 3182 te

63 3217 193 3301 fortnas,
210 3235 293 3309 quot
312 3222 345 3284 in
364 3223 460 3286 nobis
475 3221 608 3290 diverse
626 3221 790 3289 modendi
803 3223 944 3288 rationes
959 3242 968 3284 t
985 3235 1083 3308 atque
1095 3237 1132 3288 ut

63 3325 178 3390 colora
194 3324 299 3414 ligura
312 3325 586 3408 disjunctissimus
604 3330 647 3394 sit
666 3331 702 3394 in
718 3327 905 3410 sentiendo,
925 3326 969 3393 ita
991 3327 1131 3394 formam

63 3428 151 3494 edam
168 3453 242 3495 earn
255 3455 275 3496 a
290 3455 357 3520 qna
370 3433 488 3498 eoloris
505 3457 620 3501 sensns
637 3427 778 3515 oriatur,
802 3455 936 3522 prorsus
953 3431 1048 3498 aliam
1063 3455 1132 3500 esse

64 3531 100 3596 ab
119 3549 174 3617 αξ
197 3559 272 3624 quae
289 3535 401 3626 figurae
425 3540 595 3604 notionem
616 3541 791 3630 imprimat.
922 3629 924 3633 ι

100 3643 383 3708 :Academicorum
402 3661 434 3711 et
445 3646 667 3712 Stot'corumin
682 3659 755 3712 ortas
766 3649 909 3710 visorum
926 3643 1132 3733 explicando,

65 3767 170 3831 perum
188 3750 323 3814 recessit
337 3752 420 3817 ratio
438 3753 481 3817 ab
499 3777 555 3836 ea,
576 3777 647 3843 que
664 3751 845 3819 Aristotelis
863 3750 925 3818 fuit
942 3772 950 3814 t
968 3766 1001 3816 at
1019 3751 1053 3816 in
1070 3749 1131 3818 de·

66 3848 198 3919 mendo
213 3854 345 3920 illorsum
370 3879 445 3922 cunr
464 3858 563 3924 rebus
580 3881 761 3940 consensu,
778 3879 846 3922 non
863 3871 989 3922 tantum
1003 3855 1044 3919 ab
1055 3855 1129 3920 br·-

67 3959 240 4040 ttotele,sed
253 3961 352 4026 etiarn
360 3963 445 4028 inter
453 3987 489 4029 se
497 3965 559 4053 ipsi
572 3953 804 4031 dissenserunt]
815 3964 916 4030 Stoici
922 3960 1129 4048 enimpn'nso

69 4081 186 4129 sensum
210 4089 279 4131 non
295 4068 397 4136 modo
413 4088 526 4158 aptum
544 4095 564 4136 a
581 4095 634 4154 re,
659 4087 697 4136 ut
714 4093 829 4153 causa,
850 4090 964 4136 vetum
982 4064 1079 4132 etiam
1095 4066 1126 4134 ei
