<?xml version="1.0" encoding="UTF-8"?>
<!DOCTYPE html PUBLIC "-//W3C//DTD XHTML 1.0 Transitional//EN"
    "http://www.w3.org/TR/xhtml1/DTD/xhtml1-transitional.dtd">
<html xmlns="http://www.w3.org/1999/xhtml" xml:lang="en" lang="en">
 <head>
  <title>
</title>
<meta http-equiv="Content-Type" content="text/html;charset=utf-8" />
  <meta name='ocr-system' content='tesseract 3.04.00' />
  <meta name='ocr-capabilities' content='ocr_page ocr_carea ocr_par ocr_line ocrx_word'/>
</head>
<body>
  <div class='ocr_page' id='page_1' title='image "./mtciceronisquae01lemagoog_0194.png"; bbox 0 0 2764 4688; ppageno 0'>
   <div class='ocr_carea' id='block_1_1' title="bbox 261 350 981 451">
    <p class='ocr_par' dir='ltr' id='par_1_1' title="bbox 261 350 981 451">
     <span class='ocr_line' id='line_1_1' title="bbox 261 350 981 451; baseline -0.013 -24"><span class='ocrx_word' id='word_1_1' title='bbox 261 357 327 451; x_wconf 68' lang='lat'><strong>¹74</strong></span> <span class='ocrx_word' id='word_1_2' title='bbox 602 355 651 420; x_wconf 85' lang='lat' dir='ltr'><strong>rr.</strong></span> <span class='ocrx_word' id='word_1_3' title='bbox 676 355 714 421; x_wconf 86' lang='lat' dir='ltr'><strong>r.</strong></span> <span class='ocrx_word' id='word_1_4' title='bbox 738 350 981 422; x_wconf 78' lang='lat' dir='ltr'><strong>crounonrs</strong></span> 
     </span>
    </p>
   </div>
   <div class='ocr_carea' id='block_1_2' title="bbox 182 463 1326 1564">
    <p class='ocr_par' dir='ltr' id='par_1_2' title="bbox 182 463 1326 1564">
     <span class='ocr_line' id='line_1_2' title="bbox 257 463 1324 576; baseline -0.009 -28"><span class='ocrx_word' id='word_1_5' title='bbox 257 473 358 576; x_wconf 91' lang='lat' dir='ltr'><strong>quod</strong></span> <span class='ocrx_word' id='word_1_6' title='bbox 379 472 497 554; x_wconf 85' lang='lat' dir='ltr'><strong>cerni,</strong></span> <span class='ocrx_word' id='word_1_7' title='bbox 519 483 581 542; x_wconf 86' lang='lat' dir='ltr'><strong>aut</strong></span> <span class='ocrx_word' id='word_1_8' title='bbox 606 471 758 569; x_wconf 83' lang='lat' dir='ltr'><strong>intelligi</strong></span> <span class='ocrx_word' id='word_1_9' title='bbox 771 463 802 514; x_wconf 80' lang='lat'><strong>¹⁸</strong></span> <span class='ocrx_word' id='word_1_10' title='bbox 821 485 964 569; x_wconf 88' lang='lat' dir='ltr'><strong>posset:</strong></span> <span class='ocrx_word' id='word_1_11' title='bbox 982 467 1118 566; x_wconf 90' lang='lat' dir='ltr'><strong>quibus</strong></span> <span class='ocrx_word' id='word_1_12' title='bbox 1140 465 1186 538; x_wconf 90' lang='lat' dir='ltr'><strong>de</strong></span> <span class='ocrx_word' id='word_1_13' title='bbox 1208 469 1324 538; x_wconf 85' lang='lat' dir='ltr'><strong>causis</strong></span> 
     </span>
     <span class='ocr_line' id='line_1_3' title="bbox 257 575 1324 683; baseline -0.01 -25"><span class='ocrx_word' id='word_1_14' title='bbox 257 585 348 658; x_wconf 89' lang='lat' dir='ltr'><strong>nihil</strong></span> <span class='ocrx_word' id='word_1_15' title='bbox 361 597 529 683; x_wconf 84' lang='lat' dir='ltr'>oportere</span> <span class='ocrx_word' id='word_1_16' title='bbox 544 607 663 680; x_wconf 90' lang='lat' dir='ltr'><strong>neque</strong></span> <span class='ocrx_word' id='word_1_17' title='bbox 677 580 858 680; x_wconf 87' lang='lat' dir='ltr'><strong>profiteri,</strong></span> <span class='ocrx_word' id='word_1_18' title='bbox 872 603 993 677; x_wconf 89' lang='lat' dir='ltr'><strong>neque</strong></span> <span class='ocrx_word' id='word_1_19' title='bbox 1007 575 1184 650; x_wconf 86' lang='lat' dir='ltr'><strong>affirmare</strong></span> <span class='ocrx_word' id='word_1_20' title='bbox 1198 601 1324 673; x_wconf 88' lang='lat' dir='ltr'><strong>quem-</strong></span> 
     </span>
     <span class='ocr_line' id='line_1_4' title="bbox 257 684 1325 796; baseline -0.009 -27"><span class='ocrx_word' id='word_1_21' title='bbox 257 720 387 796; x_wconf 88' lang='lat' dir='ltr'><strong>quam,</strong></span> <span class='ocrx_word' id='word_1_22' title='bbox 414 717 534 791; x_wconf 90' lang='lat' dir='ltr'><strong>neque</strong></span> <span class='ocrx_word' id='word_1_23' title='bbox 561 697 768 764; x_wconf 83' lang='lat' dir='ltr'><strong>assensione</strong></span> <span class='ocrx_word' id='word_1_24' title='bbox 794 689 1049 790; x_wconf 83' lang='lat' dir='ltr'><strong>approbare¹9‚</strong></span> <span class='ocrx_word' id='word_1_25' title='bbox 1076 684 1325 784; x_wconf 85' lang='lat' dir='ltr'><strong>cohibereque</strong></span> 
     </span>
     <span class='ocr_line' id='line_1_5' title="bbox 258 797 1325 905; baseline -0.013 -25"><span class='ocrx_word' id='word_1_26' title='bbox 258 831 400 905; x_wconf 87' lang='lat' dir='ltr'><strong>semper</strong></span> <span class='ocrx_word' id='word_1_27' title='bbox 413 815 458 892; x_wconf 80' lang='lat'><strong>²⁰,</strong></span> <span class='ocrx_word' id='word_1_28' title='bbox 483 817 520 875; x_wconf 89' lang='lat' dir='ltr'><strong>et</strong></span> <span class='ocrx_word' id='word_1_29' title='bbox 540 802 586 874; x_wconf 97' lang='lat' dir='ltr'><strong>ab</strong></span> <span class='ocrx_word' id='word_1_30' title='bbox 607 805 710 874; x_wconf 89' lang='lat' dir='ltr'><strong>omui</strong></span> <span class='ocrx_word' id='word_1_31' title='bbox 732 802 835 902; x_wconf 89' lang='lat' dir='ltr'><strong>lapsu</strong></span> <span class='ocrx_word' id='word_1_32' title='bbox 858 803 1044 872; x_wconf 89' lang='lat' dir='ltr'><strong>continere</strong></span> <span class='ocrx_word' id='word_1_33' title='bbox 1063 797 1325 882; x_wconf 65' lang='lat' dir='ltr'><strong>temeritatem</strong></span> 
     </span>
     <span class='ocr_line' id='line_1_6' title="bbox 182 907 1326 1016; baseline -0.01 -28"><span class='ocrx_word' id='word_1_34' title='bbox 182 991 188 1006; x_wconf 55' lang='grc'>,</span> <span class='ocrx_word' id='word_1_35' title='bbox 258 942 337 1016; x_wconf 83' lang='lat' dir='ltr'><strong>quae</strong></span> <span class='ocrx_word' id='word_1_36' title='bbox 358 931 437 986; x_wconf 90' lang='lat' dir='ltr'><strong>tum</strong></span> <span class='ocrx_word' id='word_1_37' title='bbox 465 929 558 985; x_wconf 90' lang='lat' dir='ltr'><strong>esset</strong></span> <span class='ocrx_word' id='word_1_38' title='bbox 585 915 754 1010; x_wconf 83' lang='lat' dir='ltr'><strong>insignis,</strong></span> <span class='ocrx_word' id='word_1_39' title='bbox 781 937 896 1010; x_wconf 89' lang='lat' dir='ltr'><strong>quum</strong></span> <span class='ocrx_word' id='word_1_40' title='bbox 920 924 982 982; x_wconf 87' lang='lat' dir='ltr'><strong>aut</strong></span> <span class='ocrx_word' id='word_1_41' title='bbox 1004 907 1111 995; x_wconf 87' lang='lat' dir='ltr'><strong>falsa,</strong></span> <span class='ocrx_word' id='word_1_42' title='bbox 1136 923 1201 978; x_wconf 88' lang='lat' dir='ltr'><strong>aut</strong></span> <span class='ocrx_word' id='word_1_43' title='bbox 1222 910 1326 978; x_wconf 89' lang='lat' dir='ltr'><strong>iuco-</strong></span> 
     </span>
     <span class='ocr_line' id='line_1_7' title="bbox 256 1017 1326 1126; baseline -0.013 -27"><span class='ocrx_word' id='word_1_44' title='bbox 256 1029 357 1126; x_wconf 87' lang='lat' dir='ltr'><strong>gnita</strong></span> <span class='ocrx_word' id='word_1_45' title='bbox 383 1049 442 1097; x_wconf 91' lang='lat' dir='ltr'><strong>res</strong></span> <span class='ocrx_word' id='word_1_46' title='bbox 467 1022 756 1123; x_wconf 83' lang='lat' dir='ltr'><strong>approbaretur:</strong></span> <span class='ocrx_word' id='word_1_47' title='bbox 779 1047 899 1121; x_wconf 92' lang='lat' dir='ltr'><strong>neque</strong></span> <span class='ocrx_word' id='word_1_48' title='bbox 927 1022 997 1092; x_wconf 92' lang='lat' dir='ltr'><strong>boc</strong></span> <span class='ocrx_word' id='word_1_49' title='bbox 1023 1017 1225 1116; x_wconf 88' lang='lat' dir='ltr'><strong>quidquam</strong></span> <span class='ocrx_word' id='word_1_50' title='bbox 1249 1041 1326 1087; x_wconf 89' lang='lat' dir='ltr'><strong>esse</strong></span> 
     </span>
     <span class='ocr_line' id='line_1_8' title="bbox 257 1127 1324 1236; baseline -0.014 -26"><span class='ocrx_word' id='word_1_51' title='bbox 257 1139 419 1236; x_wconf 84' lang='lat' dir='ltr'><strong>turpius,</strong></span> <span class='ocrx_word' id='word_1_52' title='bbox 441 1158 552 1232; x_wconf 89' lang='lat' dir='ltr'><strong>quam</strong></span> <span class='ocrx_word' id='word_1_53' title='bbox 568 1135 766 1230; x_wconf 86' lang='lat' dir='ltr'><strong>cognitioni</strong></span> <span class='ocrx_word' id='word_1_54' title='bbox 782 1147 818 1204; x_wconf 91' lang='lat' dir='ltr'><strong>et</strong></span> <span class='ocrx_word' id='word_1_55' title='bbox 836 1129 1060 1231; x_wconf 88' lang='lat' dir='ltr'><strong>perceptioni</strong></span> <span class='ocrx_word' id='word_1_56' title='bbox 1079 1127 1324 1198; x_wconf 85' lang='lat' dir='ltr'><strong>assensionem</strong></span> 
     </span>
     <span class='ocr_line' id='line_1_9' title="bbox 255 1235 1326 1348; baseline -0.014 -27"><span class='ocrx_word' id='word_1_57' title='bbox 255 1246 635 1348; x_wconf 85' lang='lat' dir='ltr'><strong>approbationemque</strong></span> <span class='ocrx_word' id='word_1_58' title='bbox 668 1267 895 1342; x_wconf 84' lang='lat' dir='ltr'><strong>praecurrere.</strong></span> <span class='ocrx_word' id='word_1_59' title='bbox 930 1241 1024 1312; x_wconf 90' lang='lat' dir='ltr'><strong>Huic</strong></span> <span class='ocrx_word' id='word_1_60' title='bbox 1054 1238 1186 1309; x_wconf 90' lang='lat' dir='ltr'><strong>rationi</strong></span> <span class='ocrx_word' id='word_1_61' title='bbox 1222 1235 1326 1332; x_wconf 92' lang='lat' dir='ltr'><strong>quod</strong></span> 
     </span>
     <span class='ocr_line' id='line_1_10' title="bbox 255 1348 1322 1443; baseline -0.014 -13"><span class='ocrx_word' id='word_1_62' title='bbox 255 1372 331 1430; x_wconf 89' lang='lat' dir='ltr'><strong>erat</strong></span> <span class='ocrx_word' id='word_1_63' title='bbox 350 1370 651 1443; x_wconf 90' lang='lat' dir='ltr'><strong>consentaneum,</strong></span> <span class='ocrx_word' id='word_1_64' title='bbox 669 1351 842 1442; x_wconf 85' lang='lat' dir='ltr'><strong>faciebat,</strong></span> <span class='ocrx_word' id='word_1_65' title='bbox 859 1366 1042 1424; x_wconf 89' lang='lat' dir='ltr'><strong>utcontra</strong></span> <span class='ocrx_word' id='word_1_66' title='bbox 1058 1348 1224 1419; x_wconf 89' lang='lat' dir='ltr'><strong>omnium</strong></span> <span class='ocrx_word' id='word_1_67' title='bbox 1241 1371 1322 1420; x_wconf 89' lang='lat' dir='ltr'><strong>sen-</strong></span> 
     </span>
     <span class='ocr_line' id='line_1_11' title="bbox 254 1458 1325 1564; baseline -0.011 -25"><span class='ocrx_word' id='word_1_68' title='bbox 254 1469 385 1542; x_wconf 90' lang='lat' dir='ltr'><strong>tentias</strong></span> <span class='ocrx_word' id='word_1_69' title='bbox 402 1464 478 1539; x_wconf 89' lang='lat' dir='ltr'><strong>dies</strong></span> <span class='ocrx_word' id='word_1_70' title='bbox 496 1466 571 1562; x_wconf 82' lang='lat' dir='ltr'><strong>jam</strong></span> <span class='ocrx_word' id='word_1_71' title='bbox 588 1466 781 1564; x_wconf 90' lang='lat' dir='ltr'><strong>plerosque</strong></span> <span class='ocrx_word' id='word_1_72' title='bbox 802 1461 1055 1536; x_wconf 72' lang='lat' dir='ltr'><strong>deduceret212</strong></span> <span class='ocrx_word' id='word_1_73' title='bbox 1071 1471 1133 1544; x_wconf 90' lang='lat' dir='ltr'><strong>ut,</strong></span> <span class='ocrx_word' id='word_1_74' title='bbox 1152 1481 1271 1554; x_wconf 91' lang='lat' dir='ltr'><strong>quum</strong></span> <span class='ocrx_word' id='word_1_75' title='bbox 1285 1458 1325 1528; x_wconf 90' lang='lat' dir='ltr'><strong>in</strong></span> 
     </span>
    </p>
   </div>
   <div class='ocr_carea' id='block_1_3' title="bbox 251 1633 1366 4154">
    <p class='ocr_par' dir='ltr' id='par_1_3' title="bbox 251 1633 1366 4154">
     <span class='ocr_line' id='line_1_12' title="bbox 254 1633 1326 1701; baseline -0.009 -13"><span class='ocrx_word' id='word_1_76' title='bbox 254 1637 358 1688; x_wconf 75' lang='lat' dir='ltr'><strong>occultu</strong></span> <span class='ocrx_word' id='word_1_77' title='bbox 370 1639 474 1687; x_wconf 81' lang='lat' dir='ltr'><strong>Goerene</strong></span> <span class='ocrx_word' id='word_1_78' title='bbox 481 1635 545 1685; x_wconf 86' lang='lat' dir='ltr'><strong>delet</strong></span> <span class='ocrx_word' id='word_1_79' title='bbox 551 1635 671 1684; x_wconf 85' lang='lat' dir='ltr'><strong>censebat.</strong></span> <span class='ocrx_word' id='word_1_80' title='bbox 681 1633 767 1684; x_wconf 85' lang='lat' dir='ltr'><strong>inseri·</strong></span> <span class='ocrx_word' id='word_1_81' title='bbox 810 1636 909 1694; x_wconf 79' lang='lat' dir='ltr'><strong>cesilnr,</strong></span> <span class='ocrx_word' id='word_1_82' title='bbox 923 1650 997 1700; x_wconf 81' lang='lat' dir='ltr'><strong>quum</strong></span> <span class='ocrx_word' id='word_1_83' title='bbox 1009 1635 1118 1701; x_wconf 87' lang='lat' dir='ltr'><strong>ponebat</strong></span> <span class='ocrx_word' id='word_1_84' title='bbox 1131 1637 1215 1696; x_wconf 87' lang='lat' dir='ltr'><strong>Zeno,</strong></span> <span class='ocrx_word' id='word_1_85' title='bbox 1228 1641 1326 1680; x_wconf 87' lang='lat' dir='ltr'><strong>contra-</strong></span> 
     </span>
     <span class='ocr_line' id='line_1_13' title="bbox 253 1715 1325 1781; baseline -0.007 -15"><span class='ocrx_word' id='word_1_86' title='bbox 253 1727 308 1781; x_wconf 88' lang='lat' dir='ltr'><strong>tnr,</strong></span> <span class='ocrx_word' id='word_1_87' title='bbox 319 1717 413 1781; x_wconf 83' lang='lat' dir='ltr'><strong>inquit.</strong></span> <span class='ocrx_word' id='word_1_88' title='bbox 426 1717 452 1764; x_wconf 89' lang='lat' dir='ltr'><strong>in</strong></span> <span class='ocrx_word' id='word_1_89' title='bbox 461 1715 530 1764; x_wconf 83' lang='lat' dir='ltr'><strong>libris</strong></span> <span class='ocrx_word' id='word_1_90' title='bbox 539 1727 597 1780; x_wconf 85' lang='lat' dir='ltr'><strong>post</strong></span> <span class='ocrx_word' id='word_1_91' title='bbox 608 1717 696 1780; x_wconf 85' lang='lat' dir='ltr'><strong>latere,</strong></span> <span class='ocrx_word' id='word_1_92' title='bbox 710 1731 766 1764; x_wconf 84' lang='lat' dir='ltr'><strong>een·</strong></span> <span class='ocrx_word' id='word_1_93' title='bbox 809 1715 918 1780; x_wconf 78' lang='lat' dir='ltr'><strong>risusque</strong></span> <span class='ocrx_word' id='word_1_94' title='bbox 927 1715 1058 1764; x_wconf 81' lang='lat' dir='ltr'><strong>inducebat</strong></span> <span class='ocrx_word' id='word_1_95' title='bbox 1066 1715 1243 1772; x_wconf 81' lang='lat' dir='ltr'><strong>retentionem,</strong></span> <span class='ocrx_word' id='word_1_96' title='bbox 1251 1727 1325 1776; x_wconf 86' lang='lat' dir='ltr'><strong>quam</strong></span> 
     </span>
     <span class='ocr_line' id='line_1_14' title="bbox 252 1793 1155 1860; baseline -0.001 -16"><span class='ocrx_word' id='word_1_97' title='bbox 252 1795 349 1858; x_wconf 62' lang='lat' dir='ltr'><strong>emunt,</strong></span> <span class='ocrx_word' id='word_1_98' title='bbox 363 1796 430 1860; x_wconf 87' lang='lat' dir='ltr'><strong>quod</strong></span> <span class='ocrx_word' id='word_1_99' title='bbox 443 1797 499 1843; x_wconf 84' lang='lat' dir='ltr'><strong>VV.</strong></span> <span class='ocrx_word' id='word_1_100' title='bbox 512 1797 567 1844; x_wconf 87' lang='lat' dir='ltr'><strong>DD.</strong></span> <span class='ocrx_word' id='word_1_101' title='bbox 581 1811 612 1843; x_wconf 80' lang='lat' dir='ltr'><strong>ex</strong></span> <span class='ocrx_word' id='word_1_102' title='bbox 624 1794 723 1858; x_wconf 74' lang='lat' dir='ltr'><strong>iugenio</strong></span> <span class='ocrx_word' id='word_1_103' title='bbox 738 1794 766 1842; x_wconf 92' lang='lat' dir='ltr'><strong>in</strong></span> <span class='ocrx_word' id='word_1_104' title='bbox 811 1793 897 1860; x_wconf 66' lang='grc' dir='ltr'><strong>ἐποχὴν</strong></span> <span class='ocrx_word' id='word_1_105' title='bbox 910 1795 1055 1860; x_wconf 85' lang='lat' dir='ltr'><strong>appellabat.</strong></span> <span class='ocrx_word' id='word_1_106' title='bbox 1069 1797 1155 1844; x_wconf 84' lang='lat' dir='ltr'><strong>Tuan.</strong></span> 
     </span>
     <span class='ocr_line' id='line_1_15' title="bbox 253 1852 1325 1940; baseline -0.007 -16"><span class='ocrx_word' id='word_1_107' title='bbox 253 1876 367 1925; x_wconf 81' lang='lat' dir='ltr'><strong>censebat</strong></span> <span class='ocrx_word' id='word_1_108' title='bbox 389 1885 529 1938; x_wconf 75' lang='lat' dir='ltr'><strong>mutarunt,</strong></span> <span class='ocrx_word' id='word_1_109' title='bbox 554 1891 630 1940; x_wconf 81' lang='lat' dir='ltr'><strong>quum</strong></span> <span class='ocrx_word' id='word_1_110' title='bbox 653 1874 766 1922; x_wconf 80' lang='lat' dir='ltr'><strong>riderent</strong></span> <span class='ocrx_word' id='word_1_111' title='bbox 846 1852 889 1922; x_wconf 71' lang='lat' dir='ltr'><strong>bo.</strong></span> <span class='ocrx_word' id='word_1_112' title='bbox 905 1868 1325 1939; x_wconf 78' lang='lat' dir='ltr'><strong>Celtibereqnesemper...terneri-</strong></span> 
     </span>
     <span class='ocr_line' id='line_1_16' title="bbox 254 1951 1326 2020; baseline -0.005 -17"><span class='ocrx_word' id='word_1_113' title='bbox 254 1958 299 2003; x_wconf 86' lang='lat' dir='ltr'><strong>ista</strong></span> <span class='ocrx_word' id='word_1_114' title='bbox 321 1955 352 2002; x_wconf 86' lang='lat' dir='ltr'><strong>ad</strong></span> <span class='ocrx_word' id='word_1_115' title='bbox 373 1958 541 2020; x_wconf 77' lang='lat' dir='ltr'><strong>Anaxagoram</strong></span> <span class='ocrx_word' id='word_1_116' title='bbox 563 1955 691 2019; x_wconf 87' lang='lat' dir='ltr'><strong>pertinere.</strong></span> <span class='ocrx_word' id='word_1_117' title='bbox 718 1953 768 2002; x_wconf 82' lang='lat' dir='ltr'><strong>Sed</strong></span> <span class='ocrx_word' id='word_1_118' title='bbox 810 1953 1065 2019; x_wconf 72' lang='lat' dir='ltr'><strong>tutem.Fragm.ood.</strong></span> <span class='ocrx_word' id='word_1_119' title='bbox 1080 1951 1326 2001; x_wconf 73' lang='lat' dir='ltr'><strong>eoohssrereeeaem·</strong></span> 
     </span>
     <span class='ocr_line' id='line_1_17' title="bbox 254 2029 1325 2099; baseline -0.006 -17"><span class='ocrx_word' id='word_1_120' title='bbox 254 2035 371 2098; x_wconf 78' lang='lat' dir='ltr'><strong>glossema</strong></span> <span class='ocrx_word' id='word_1_121' title='bbox 391 2034 429 2083; x_wconf 84' lang='lat' dir='ltr'><strong>vel</strong></span> <span class='ocrx_word' id='word_1_122' title='bbox 450 2035 508 2083; x_wconf 88' lang='lat' dir='ltr'><strong>inde</strong></span> <span class='ocrx_word' id='word_1_123' title='bbox 529 2049 555 2082; x_wconf 89' lang='lat' dir='ltr'><strong>ee</strong></span> <span class='ocrx_word' id='word_1_124' title='bbox 574 2033 657 2098; x_wconf 80' lang='lat' dir='ltr'><strong>prodit</strong></span> <span class='ocrx_word' id='word_1_125' title='bbox 663 2067 672 2090; x_wconf 90' lang='lat'><strong>,</strong></span> <span class='ocrx_word' id='word_1_126' title='bbox 696 2032 766 2097; x_wconf 81' lang='lat' dir='ltr'><strong>quod</strong></span> <span class='ocrx_word' id='word_1_127' title='bbox 810 2049 855 2099; x_wconf 87' lang='lat' dir='ltr'><strong>per</strong></span> <span class='ocrx_word' id='word_1_128' title='bbox 869 2049 896 2093; x_wconf 67' lang='grc' dir='ltr'><strong>ις</strong></span> <span class='ocrx_word' id='word_1_129' title='bbox 914 2033 983 2098; x_wconf 86' lang='lat' dir='ltr'><strong>quod</strong></span> <span class='ocrx_word' id='word_1_130' title='bbox 1001 2034 1058 2082; x_wconf 77' lang='lat' dir='ltr'><strong>ferri</strong></span> <span class='ocrx_word' id='word_1_131' title='bbox 1075 2031 1153 2099; x_wconf 81' lang='lat' dir='ltr'><strong>poerit</strong></span> <span class='ocrx_word' id='word_1_132' title='bbox 1170 2047 1178 2080; x_wconf 76' lang='grc' dir='ltr'><strong><em>ε</em></strong></span> <span class='ocrx_word' id='word_1_133' title='bbox 1202 2031 1237 2078; x_wconf 86' lang='lat' dir='ltr'><strong>ita</strong></span> <span class='ocrx_word' id='word_1_134' title='bbox 1259 2029 1325 2077; x_wconf 87' lang='lat' dir='ltr'><strong>enim</strong></span> 
     </span>
     <span class='ocr_line' id='line_1_18' title="bbox 253 2109 1325 2178; baseline -0.003 -17"><span class='ocrx_word' id='word_1_135' title='bbox 253 2113 306 2173; x_wconf 85' lang='lat' dir='ltr'><strong>eius</strong></span> <span class='ocrx_word' id='word_1_136' title='bbox 322 2112 389 2160; x_wconf 84' lang='lat' dir='ltr'><strong>verbi</strong></span> <span class='ocrx_word' id='word_1_137' title='bbox 401 2113 458 2162; x_wconf 86' lang='lat' dir='ltr'><strong>loco</strong></span> <span class='ocrx_word' id='word_1_138' title='bbox 470 2115 525 2162; x_wconf 85' lang='lat' dir='ltr'><strong>Bas.</strong></span> <span class='ocrx_word' id='word_1_139' title='bbox 542 2114 666 2177; x_wconf 83' lang='lat' dir='ltr'><strong>putebant</strong></span> <span class='ocrx_word' id='word_1_140' title='bbox 684 2121 709 2160; x_wconf 89' lang='lat' dir='ltr'><strong>et</strong></span> <span class='ocrx_word' id='word_1_141' title='bbox 730 2112 764 2160; x_wconf 81' lang='lat' dir='ltr'><strong>V.</strong></span> <span class='ocrx_word' id='word_1_142' title='bbox 810 2124 897 2163; x_wconf 89' lang='lat' dir='ltr'><strong>auctor</strong></span> <span class='ocrx_word' id='word_1_143' title='bbox 905 2113 936 2162; x_wconf 86' lang='lat' dir='ltr'><strong>de</strong></span> <span class='ocrx_word' id='word_1_144' title='bbox 944 2114 1110 2178; x_wconf 87' lang='lat' dir='ltr'><strong>omniimpetn</strong></span> <span class='ocrx_word' id='word_1_145' title='bbox 1117 2109 1232 2160; x_wconf 84' lang='lat' dir='ltr'><strong>studiove</strong></span> <span class='ocrx_word' id='word_1_146' title='bbox 1241 2109 1325 2158; x_wconf 85' lang='lat' dir='ltr'><strong>animi.</strong></span> 
     </span>
     <span class='ocr_line' id='line_1_19' title="bbox 254 2190 1326 2258; baseline -0.003 -20"><span class='ocrx_word' id='word_1_147' title='bbox 254 2207 311 2239; x_wconf 87' lang='lat' dir='ltr'><strong>cum</strong></span> <span class='ocrx_word' id='word_1_148' title='bbox 327 2191 414 2254; x_wconf 72' lang='lat' dir='ltr'><strong>fragm.</strong></span> <span class='ocrx_word' id='word_1_149' title='bbox 434 2191 492 2241; x_wconf 86' lang='lat' dir='ltr'><strong>cod.</strong></span> <span class='ocrx_word' id='word_1_150' title='bbox 511 2190 625 2240; x_wconf 76' lang='lat' dir='ltr'><strong>dicebant</strong></span> <span class='ocrx_word' id='word_1_151' title='bbox 639 2190 765 2240; x_wconf 85' lang='lat' dir='ltr'><strong>exhibent.</strong></span> <span class='ocrx_word' id='word_1_152' title='bbox 811 2192 864 2242; x_wconf 87' lang='lat' dir='ltr'><strong>Nec</strong></span> <span class='ocrx_word' id='word_1_153' title='bbox 873 2192 1032 2258; x_wconf 86' lang='lat' dir='ltr'><strong>improbabile</strong></span> <span class='ocrx_word' id='word_1_154' title='bbox 1042 2190 1125 2247; x_wconf 82' lang='lat' dir='ltr'><strong>luerit.</strong></span> <span class='ocrx_word' id='word_1_155' title='bbox 1135 2190 1185 2239; x_wconf 85' lang='lat' dir='ltr'><strong>laoc</strong></span> <span class='ocrx_word' id='word_1_156' title='bbox 1195 2198 1253 2236; x_wconf 90' lang='lat' dir='ltr'><strong>ante</strong></span> <span class='ocrx_word' id='word_1_157' title='bbox 1263 2205 1326 2236; x_wconf 81' lang='lat' dir='ltr'><strong>senr-</strong></span> 
     </span>
     <span class='ocr_line' id='line_1_20' title="bbox 252 2267 1326 2337; baseline -0.004 -19"><span class='ocrx_word' id='word_1_158' title='bbox 252 2269 334 2319; x_wconf 90' lang='lat' dir='ltr'><strong>Debet</strong></span> <span class='ocrx_word' id='word_1_159' title='bbox 343 2282 423 2320; x_wconf 85' lang='lat' dir='ltr'><strong>autern</strong></span> <span class='ocrx_word' id='word_1_160' title='bbox 435 2269 467 2319; x_wconf 83' lang='lat' dir='ltr'><strong>ex</strong></span> <span class='ocrx_word' id='word_1_161' title='bbox 477 2271 628 2336; x_wconf 66' lang='lat' dir='ltr'><strong>precedente</strong></span> <span class='ocrx_word' id='word_1_162' title='bbox 640 2271 762 2336; x_wconf 70' lang='lat' dir='ltr'><strong>negabat,</strong></span> <span class='ocrx_word' id='word_1_163' title='bbox 806 2288 855 2337; x_wconf 82' lang='lat' dir='ltr'><strong>per</strong></span> <span class='ocrx_word' id='word_1_164' title='bbox 861 2271 991 2330; x_wconf 83' lang='lat' dir='ltr'><strong>excidisse,</strong></span> <span class='ocrx_word' id='word_1_165' title='bbox 1002 2281 1096 2336; x_wconf 86' lang='lat' dir='ltr'><strong>putare.</strong></span> <span class='ocrx_word' id='word_1_166' title='bbox 1106 2267 1156 2318; x_wconf 76' lang='lat' dir='ltr'><strong>snt</strong></span> <span class='ocrx_word' id='word_1_167' title='bbox 1164 2267 1245 2316; x_wconf 87' lang='lat' dir='ltr'><strong>scriba</strong></span> <span class='ocrx_word' id='word_1_168' title='bbox 1255 2267 1326 2315; x_wconf 79' lang='lat' dir='ltr'><strong>vide-</strong></span> 
     </span>
     <span class='ocr_line' id='line_1_21' title="bbox 253 2347 1325 2415; baseline -0.001 -18"><span class='ocrx_word' id='word_1_169' title='bbox 253 2347 351 2397; x_wconf 77' lang='lat' dir='ltr'><strong>dicebat</strong></span> <span class='ocrx_word' id='word_1_170' title='bbox 362 2349 480 2413; x_wconf 76' lang='lat' dir='ltr'><strong>cogitari,</strong></span> <span class='ocrx_word' id='word_1_171' title='bbox 493 2360 522 2398; x_wconf 89' lang='lat' dir='ltr'><strong>ut</strong></span> <span class='ocrx_word' id='word_1_172' title='bbox 533 2365 597 2413; x_wconf 75' lang='lat' dir='ltr'><strong>sepe</strong></span> <span class='ocrx_word' id='word_1_173' title='bbox 607 2363 614 2397; x_wconf 89' lang='lat'>:</span> <span class='ocrx_word' id='word_1_174' title='bbox 626 2349 701 2413; x_wconf 89' lang='lat' dir='ltr'><strong>idque</strong></span> <span class='ocrx_word' id='word_1_175' title='bbox 714 2364 766 2397; x_wconf 90' lang='lat' dir='ltr'><strong>ma·</strong></span> <span class='ocrx_word' id='word_1_176' title='bbox 810 2361 852 2399; x_wconf 88' lang='lat' dir='ltr'><strong>tur</strong></span> <span class='ocrx_word' id='word_1_177' title='bbox 863 2351 910 2399; x_wconf 84' lang='lat' dir='ltr'><strong>sibi</strong></span> <span class='ocrx_word' id='word_1_178' title='bbox 923 2351 1042 2415; x_wconf 84' lang='lat' dir='ltr'><strong>sapuisse:</strong></span> <span class='ocrx_word' id='word_1_179' title='bbox 1055 2349 1083 2398; x_wconf 85' lang='lat' dir='ltr'><strong>id</strong></span> <span class='ocrx_word' id='word_1_180' title='bbox 1095 2349 1164 2414; x_wconf 85' lang='lat' dir='ltr'><strong>quod</strong></span> <span class='ocrx_word' id='word_1_181' title='bbox 1176 2349 1282 2396; x_wconf 84' lang='lat' dir='ltr'><strong>maxime</strong></span> <span class='ocrx_word' id='word_1_182' title='bbox 1294 2363 1325 2396; x_wconf 81' lang='lat' dir='ltr'><strong>ex</strong></span> 
     </span>
     <span class='ocr_line' id='line_1_22' title="bbox 253 2426 1325 2492; baseline -0.002 -16"><span class='ocrx_word' id='word_1_183' title='bbox 253 2428 306 2490; x_wconf 73' lang='lat' dir='ltr'><strong>gis,</strong></span> <span class='ocrx_word' id='word_1_184' title='bbox 320 2444 395 2492; x_wconf 89' lang='lat' dir='ltr'><strong>quum</strong></span> <span class='ocrx_word' id='word_1_185' title='bbox 403 2427 469 2477; x_wconf 89' lang='lat' dir='ltr'><strong>idem</strong></span> <span class='ocrx_word' id='word_1_186' title='bbox 479 2428 579 2476; x_wconf 85' lang='lat' dir='ltr'><strong>verbum</strong></span> <span class='ocrx_word' id='word_1_187' title='bbox 588 2429 639 2488; x_wconf 77' lang='lat' dir='ltr'><strong>iam</strong></span> <span class='ocrx_word' id='word_1_188' title='bbox 653 2427 700 2489; x_wconf 84' lang='lat' dir='ltr'><strong>ad,</strong></span> <span class='ocrx_word' id='word_1_189' title='bbox 712 2450 724 2470; x_wconf 69' lang='lat' dir='ltr'><strong>a</strong></span> <span class='ocrx_word' id='word_1_190' title='bbox 734 2443 766 2476; x_wconf 89' lang='lat' dir='ltr'><strong>ue</strong></span> <span class='ocrx_word' id='word_1_191' title='bbox 810 2431 942 2478; x_wconf 83' lang='lat' dir='ltr'><strong>verbor-nm</strong></span> <span class='ocrx_word' id='word_1_192' title='bbox 950 2429 1111 2478; x_wconf 79' lang='lat' dir='ltr'><strong>collocatione</strong></span> <span class='ocrx_word' id='word_1_193' title='bbox 1119 2426 1325 2492; x_wconf 79' lang='lat' dir='ltr'><strong>patetNisienim</strong></span> 
     </span>
     <span class='ocr_line' id='line_1_23' title="bbox 253 2505 1324 2571; baseline 0 -17"><span class='ocrx_word' id='word_1_194' title='bbox 253 2505 316 2554; x_wconf 87' lang='lat' dir='ltr'><strong>illud</strong></span> <span class='ocrx_word' id='word_1_195' title='bbox 332 2506 469 2571; x_wconf 72' lang='lat' dir='ltr'><strong>quidem»,</strong></span> <span class='ocrx_word' id='word_1_196' title='bbox 482 2505 677 2554; x_wconf 83' lang='lat' dir='ltr'><strong>subaudiendum</strong></span> <span class='ocrx_word' id='word_1_197' title='bbox 692 2517 764 2555; x_wconf 84' lang='lat' dir='ltr'><strong>esset.</strong></span> <span class='ocrx_word' id='word_1_198' title='bbox 810 2509 920 2558; x_wconf 75' lang='lat' dir='ltr'><strong>cohibere</strong></span> <span class='ocrx_word' id='word_1_199' title='bbox 943 2509 974 2558; x_wconf 86' lang='lat' dir='ltr'><strong>ad</strong></span> <span class='ocrx_word' id='word_1_200' title='bbox 996 2507 1153 2556; x_wconf 70' lang='lat' dir='ltr'><strong>temeritatem</strong></span> <span class='ocrx_word' id='word_1_201' title='bbox 1174 2507 1324 2571; x_wconf 69' lang='lat' dir='ltr'><strong>pertineret,</strong></span> 
     </span>
     <span class='ocr_line' id='line_1_24' title="bbox 253 2583 1325 2652; baseline -0.007 -12"><span class='ocrx_word' id='word_1_202' title='bbox 253 2585 455 2650; x_wconf 77' lang='lat' dir='ltr'><strong>Exemptamutta</strong></span> <span class='ocrx_word' id='word_1_203' title='bbox 463 2583 663 2648; x_wconf 75' lang='lat' dir='ltr'><strong>eollegtrwopk.</strong></span> <span class='ocrx_word' id='word_1_204' title='bbox 677 2600 704 2648; x_wconf 83' lang='lat' dir='ltr'><strong>p.</strong></span> <span class='ocrx_word' id='word_1_205' title='bbox 720 2585 763 2640; x_wconf 79' lang='lat' dir='ltr'><strong>te.</strong></span> <span class='ocrx_word' id='word_1_206' title='bbox 809 2589 963 2650; x_wconf 67' lang='lat' dir='ltr'><strong>nocensne,</strong></span> <span class='ocrx_word' id='word_1_207' title='bbox 983 2587 1136 2652; x_wconf 76' lang='lat' dir='ltr'><strong>nansposiru</strong></span> <span class='ocrx_word' id='word_1_208' title='bbox 1158 2585 1258 2642; x_wconf 74' lang='lat' dir='ltr'><strong>verbis,</strong></span> <span class='ocrx_word' id='word_1_209' title='bbox 1285 2584 1325 2633; x_wconf 78' lang='lat' dir='ltr'><strong>vel</strong></span> 
     </span>
     <span class='ocr_line' id='line_1_25' title="bbox 292 2662 1324 2730; baseline -0.002 -18"><span class='ocrx_word' id='word_1_210' title='bbox 292 2666 332 2714; x_wconf 79' lang='lat'><strong>18.</strong></span> <span class='ocrx_word' id='word_1_211' title='bbox 344 2663 459 2730; x_wconf 74' lang='lat' dir='ltr'><strong>Intelligs‘.</strong></span> <span class='ocrx_word' id='word_1_212' title='bbox 477 2663 582 2712; x_wconf 77' lang='lat' dir='ltr'><strong>Ratione</strong></span> <span class='ocrx_word' id='word_1_213' title='bbox 594 2673 619 2711; x_wconf 86' lang='lat' dir='ltr'><strong>et</strong></span> <span class='ocrx_word' id='word_1_214' title='bbox 629 2662 766 2726; x_wconf 81' lang='lat' dir='ltr'><strong>intelligeu·</strong></span> <span class='ocrx_word' id='word_1_215' title='bbox 811 2666 991 2715; x_wconf 65' lang='lat' dir='ltr'><strong>:temeritatem</strong></span> <span class='ocrx_word' id='word_1_216' title='bbox 1009 2665 1135 2713; x_wconf 87' lang='lat' dir='ltr'><strong>continere</strong></span> <span class='ocrx_word' id='word_1_217' title='bbox 1146 2685 1176 2726; x_wconf 76' lang='grc' dir='ltr'><strong>ι,</strong></span> <span class='ocrx_word' id='word_1_218' title='bbox 1188 2664 1229 2712; x_wconf 85' lang='lat' dir='ltr'><strong>vel</strong></span> <span class='ocrx_word' id='word_1_219' title='bbox 1242 2673 1324 2720; x_wconf 68' lang='lat' dir='ltr'><strong>ente,</strong></span> 
     </span>
     <span class='ocr_line' id='line_1_26' title="bbox 253 2740 1323 2809; baseline -0.006 -16"><span class='ocrx_word' id='word_1_220' title='bbox 253 2743 286 2792; x_wconf 87' lang='lat' dir='ltr'><strong>tia</strong></span> <span class='ocrx_word' id='word_1_221' title='bbox 299 2743 399 2809; x_wconf 74' lang='lat' dir='ltr'><strong>colligi,</strong></span> <span class='ocrx_word' id='word_1_222' title='bbox 413 2755 441 2792; x_wconf 89' lang='lat' dir='ltr'><strong>nt</strong></span> <span class='ocrx_word' id='word_1_223' title='bbox 451 2743 520 2792; x_wconf 85' lang='lat' dir='ltr'><strong>cerni</strong></span> <span class='ocrx_word' id='word_1_224' title='bbox 532 2758 611 2791; x_wconf 80' lang='lat' dir='ltr'><strong>seusu</strong></span> <span class='ocrx_word' id='word_1_225' title='bbox 625 2744 687 2791; x_wconf 83' lang='lat' dir='ltr'><strong>Sunt</strong></span> <span class='ocrx_word' id='word_1_226' title='bbox 701 2744 765 2791; x_wconf 87' lang='lat' dir='ltr'><strong>eninr</strong></span> <span class='ocrx_word' id='word_1_227' title='bbox 811 2766 824 2787; x_wconf 79' lang='grc' dir='ltr'>ι</span> <span class='ocrx_word' id='word_1_228' title='bbox 835 2755 860 2793; x_wconf 88' lang='lat' dir='ltr'><strong>ct</strong></span> <span class='ocrx_word' id='word_1_229' title='bbox 880 2755 951 2793; x_wconf 85' lang='lat' dir='ltr'><strong>tem..</strong></span> <span class='ocrx_word' id='word_1_230' title='bbox 960 2777 986 2792; x_wconf 89' lang='lat'><strong>..</strong></span> <span class='ocrx_word' id='word_1_231' title='bbox 1001 2745 1127 2792; x_wconf 88' lang='lat' dir='ltr'><strong>continere</strong></span> <span class='ocrx_word' id='word_1_232' title='bbox 1136 2763 1149 2784; x_wconf 72' lang='grc' dir='ltr'><strong>ι</strong></span> <span class='ocrx_word' id='word_1_233' title='bbox 1167 2740 1323 2790; x_wconf 86' lang='lat' dir='ltr'><strong>scribendum</strong></span> 
     </span>
     <span class='ocr_line' id='line_1_27' title="bbox 251 2818 1323 2889; baseline -0.003 -19"><span class='ocrx_word' id='word_1_234' title='bbox 251 2818 362 2889; x_wconf 74' lang='grc' dir='ltr'><strong>κριτήρια</strong></span> <span class='ocrx_word' id='word_1_235' title='bbox 377 2823 444 2882; x_wconf 85' lang='lat' dir='ltr'><strong>duo,</strong></span> <span class='ocrx_word' id='word_1_236' title='bbox 461 2837 546 2870; x_wconf 85' lang='lat' dir='ltr'><strong>sensus</strong></span> <span class='ocrx_word' id='word_1_237' title='bbox 560 2832 584 2871; x_wconf 89' lang='lat' dir='ltr'><strong>et</strong></span> <span class='ocrx_word' id='word_1_238' title='bbox 596 2821 764 2888; x_wconf 79' lang='lat' dir='ltr'><strong>intelligentia.</strong></span> <span class='ocrx_word' id='word_1_239' title='bbox 810 2823 903 2872; x_wconf 79' lang='lat' dir='ltr'><strong>fnisset.</strong></span> <span class='ocrx_word' id='word_1_240' title='bbox 924 2824 1041 2871; x_wconf 77' lang='lat' dir='ltr'><strong>Praeterea</strong></span> <span class='ocrx_word' id='word_1_241' title='bbox 1057 2823 1145 2887; x_wconf 72' lang='lat' dir='ltr'><strong>sepius</strong></span> <span class='ocrx_word' id='word_1_242' title='bbox 1164 2823 1235 2869; x_wconf 86' lang='lat' dir='ltr'><strong>etiam</strong></span> <span class='ocrx_word' id='word_1_243' title='bbox 1254 2821 1323 2868; x_wconf 78' lang='lat' dir='ltr'><strong>colai·</strong></span> 
     </span>
     <span class='ocr_line' id='line_1_28' title="bbox 252 2901 1323 2966; baseline 0 -17"><span class='ocrx_word' id='word_1_244' title='bbox 252 2904 434 2951; x_wconf 79' lang='lat' dir='ltr'><strong>—Possetlta</strong></span> <span class='ocrx_word' id='word_1_245' title='bbox 447 2901 510 2950; x_wconf 90' lang='lat' dir='ltr'><strong>clare</strong></span> <span class='ocrx_word' id='word_1_246' title='bbox 523 2902 765 2966; x_wconf 73' lang='lat' dir='ltr'><strong>fragm.cod.prorrt</strong></span> <span class='ocrx_word' id='word_1_247' title='bbox 809 2902 865 2951; x_wconf 77' lang='lat' dir='ltr'><strong>tere</strong></span> <span class='ocrx_word' id='word_1_248' title='bbox 889 2911 913 2950; x_wconf 89' lang='lat' dir='ltr'><strong>et</strong></span> <span class='ocrx_word' id='word_1_249' title='bbox 938 2901 1062 2950; x_wconf 86' lang='lat' dir='ltr'><strong>continere</strong></span> <span class='ocrx_word' id='word_1_250' title='bbox 1083 2901 1230 2965; x_wconf 70' lang='lat' dir='ltr'><strong>inrigantur.</strong></span> <span class='ocrx_word' id='word_1_251' title='bbox 1263 2902 1323 2950; x_wconf 83' lang='lat' dir='ltr'><strong>Net.</strong></span> 
     </span>
     <span class='ocr_line' id='line_1_29' title="bbox 252 2979 1323 3046; baseline -0.003 -16"><span class='ocrx_word' id='word_1_252' title='bbox 252 2981 312 3030; x_wconf 77' lang='lat' dir='ltr'><strong>lira.</strong></span> <span class='ocrx_word' id='word_1_253' title='bbox 322 2997 353 3030; x_wconf 86' lang='lat' dir='ltr'><strong>ex</strong></span> <span class='ocrx_word' id='word_1_254' title='bbox 366 2983 470 3043; x_wconf 81' lang='lat' dir='ltr'><strong>conjeet.</strong></span> <span class='ocrx_word' id='word_1_255' title='bbox 481 2979 669 3046; x_wconf 73' lang='lat' dir='ltr'><strong>dederatVulg.</strong></span> <span class='ocrx_word' id='word_1_256' title='bbox 676 2980 764 3046; x_wconf 80' lang='lat' dir='ltr'><strong>possit.</strong></span> <span class='ocrx_word' id='word_1_257' title='bbox 810 2983 885 3032; x_wconf 87' lang='lat' dir='ltr'><strong>Deor.</strong></span> <span class='ocrx_word' id='word_1_258' title='bbox 896 2985 934 3041; x_wconf 89' lang='lat'><strong>11,</strong></span> <span class='ocrx_word' id='word_1_259' title='bbox 947 2983 992 3038; x_wconf 81' lang='lat'><strong>13,</strong></span> <span class='ocrx_word' id='word_1_260' title='bbox 1006 2981 1053 3040; x_wconf 80' lang='lat'><strong>35,</strong></span> <span class='ocrx_word' id='word_1_261' title='bbox 1066 2991 1114 3029; x_wconf 89' lang='lat' dir='ltr'><strong>etc.</strong></span> <span class='ocrx_word' id='word_1_262' title='bbox 1130 2979 1244 3028; x_wconf 89' lang='lat' dir='ltr'><strong>Ceterum</strong></span> <span class='ocrx_word' id='word_1_263' title='bbox 1252 3002 1266 3022; x_wconf 72' lang='grc' dir='ltr'>ι</span> <span class='ocrx_word' id='word_1_264' title='bbox 1279 2995 1323 3027; x_wconf 88' lang='lat' dir='ltr'><strong>eo·</strong></span> 
     </span>
     <span class='ocr_line' id='line_1_30' title="bbox 290 3057 1321 3125; baseline -0.003 -17"><span class='ocrx_word' id='word_1_265' title='bbox 290 3076 330 3124; x_wconf 86' lang='lat'><strong>¹9·</strong></span> <span class='ocrx_word' id='word_1_266' title='bbox 350 3061 436 3124; x_wconf 81' lang='lat' dir='ltr'><strong>Neque</strong></span> <span class='ocrx_word' id='word_1_267' title='bbox 455 3059 592 3108; x_wconf 78' lang='lat' dir='ltr'><strong>assensione</strong></span> <span class='ocrx_word' id='word_1_268' title='bbox 614 3059 764 3125; x_wconf 80' lang='lat' dir='ltr'><strong>approbare.</strong></span> <span class='ocrx_word' id='word_1_269' title='bbox 809 3059 904 3110; x_wconf 87' lang='lat' dir='ltr'><strong>hibere.</strong></span> <span class='ocrx_word' id='word_1_270' title='bbox 915 3096 922 3108; x_wconf 92' lang='lat'>.</span> <span class='ocrx_word' id='word_1_271' title='bbox 933 3057 1321 3122; x_wconf 77' lang='lat' dir='ltr'><strong>.terneritntern·idanest,qno‹l</strong></span> 
     </span>
     <span class='ocr_line' id='line_1_31' title="bbox 252 3136 1324 3204; baseline -0.003 -17"><span class='ocrx_word' id='word_1_272' title='bbox 252 3141 290 3188; x_wconf 86' lang='lat' dir='ltr'><strong>Its</strong></span> <span class='ocrx_word' id='word_1_273' title='bbox 303 3152 382 3200; x_wconf 85' lang='lat' dir='ltr'><strong>recte,</strong></span> <span class='ocrx_word' id='word_1_274' title='bbox 398 3139 430 3188; x_wconf 86' lang='lat' dir='ltr'><strong>ab</strong></span> <span class='ocrx_word' id='word_1_275' title='bbox 442 3141 520 3188; x_wconf 84' lang='lat' dir='ltr'><strong>Heur.</strong></span> <span class='ocrx_word' id='word_1_276' title='bbox 534 3138 657 3204; x_wconf 84' lang='lat' dir='ltr'><strong>Stephano</strong></span> <span class='ocrx_word' id='word_1_277' title='bbox 669 3139 765 3188; x_wconf 86' lang='lat' dir='ltr'><strong>Lambi-</strong></span> <span class='ocrx_word' id='word_1_278' title='bbox 809 3159 822 3182; x_wconf 75' lang='lat' dir='ltr'><strong>u</strong></span> <span class='ocrx_word' id='word_1_279' title='bbox 832 3140 887 3190; x_wconf 83' lang='lat' dir='ltr'><strong>oola.</strong></span> <span class='ocrx_word' id='word_1_280' title='bbox 897 3157 923 3188; x_wconf 83' lang='lat' dir='ltr'><strong>ce</strong></span> <span class='ocrx_word' id='word_1_281' title='bbox 932 3156 946 3188; x_wconf 91' lang='lat' dir='ltr'><strong>a</strong></span> <span class='ocrx_word' id='word_1_282' title='bbox 955 3138 1089 3187; x_wconf 86' lang='lat' dir='ltr'><strong>temeritate</strong></span> <span class='ocrx_word' id='word_1_283' title='bbox 1100 3150 1127 3185; x_wconf 75' lang='lat' dir='ltr'><strong>a:</strong></span> <span class='ocrx_word' id='word_1_284' title='bbox 1138 3137 1172 3185; x_wconf 88' lang='lat' dir='ltr'><strong>ita</strong></span> <span class='ocrx_word' id='word_1_285' title='bbox 1184 3136 1324 3201; x_wconf 76' lang='lat' dir='ltr'><strong>frequenter</strong></span> 
     </span>
     <span class='ocr_line' id='line_1_32' title="bbox 252 3215 1324 3284; baseline -0.003 -18"><span class='ocrx_word' id='word_1_286' title='bbox 252 3219 484 3282; x_wconf 58' lang='lat' dir='ltr'><strong>aequoreum.</strong></span> <span class='ocrx_word' id='word_1_287' title='bbox 498 3218 764 3284; x_wconf 79' lang='lat' dir='ltr'><strong>DD.licetinscriptis</strong></span> <span class='ocrx_word' id='word_1_288' title='bbox 808 3228 895 3267; x_wconf 88' lang='lat' dir='ltr'><strong>auctor</strong></span> <span class='ocrx_word' id='word_1_289' title='bbox 915 3215 1051 3265; x_wconf 77' lang='lat' dir='ltr'><strong>«cohibere</strong></span> <span class='ocrx_word' id='word_1_290' title='bbox 1069 3231 1197 3274; x_wconf 77' lang='lat' dir='ltr'><strong>msemus,</strong></span> <span class='ocrx_word' id='word_1_291' title='bbox 1222 3216 1324 3264; x_wconf 88' lang='lat' dir='ltr'><strong>iracun-</strong></span> 
     </span>
     <span class='ocr_line' id='line_1_33' title="bbox 253 3295 1366 3368; baseline -0.002 -24"><span class='ocrx_word' id='word_1_292' title='bbox 253 3295 592 3362; x_wconf 68' lang='lat' dir='ltr'><strong>ubiqueanertionetegamr.</strong></span> <span class='ocrx_word' id='word_1_293' title='bbox 600 3297 691 3348; x_wconf 87' lang='lat' dir='ltr'><strong>Nullus</strong></span> <span class='ocrx_word' id='word_1_294' title='bbox 699 3299 764 3347; x_wconf 85' lang='lat' dir='ltr'><strong>enim</strong></span> <span class='ocrx_word' id='word_1_295' title='bbox 809 3297 887 3355; x_wconf 83' lang='lat' dir='ltr'><strong>sliam,</strong></span> <span class='ocrx_word' id='word_1_296' title='bbox 900 3307 946 3346; x_wconf 86' lang='lat' dir='ltr'><strong>etc.</strong></span> <span class='ocrx_word' id='word_1_297' title='bbox 959 3316 972 3338; x_wconf 74' lang='grc' dir='ltr'><strong>ι</strong></span> <span class='ocrx_word' id='word_1_298' title='bbox 987 3296 1019 3344; x_wconf 82' lang='lat' dir='ltr'><strong>G.</strong></span> <span class='ocrx_word' id='word_1_299' title='bbox 1350 3355 1366 3368; x_wconf 29' lang='lat' dir='ltr'>h</span> 
     </span>
     <span class='ocr_line' id='line_1_34' title="bbox 254 3371 1321 3440; baseline -0.002 -18"><span class='ocrx_word' id='word_1_300' title='bbox 254 3373 325 3436; x_wconf 85' lang='lat' dir='ltr'><strong>hujus</strong></span> <span class='ocrx_word' id='word_1_301' title='bbox 350 3377 426 3425; x_wconf 72' lang='lat' dir='ltr'><strong>aetam</strong></span> <span class='ocrx_word' id='word_1_302' title='bbox 450 3389 537 3426; x_wconf 82' lang='lat' dir='ltr'><strong>auctor</strong></span> <span class='ocrx_word' id='word_1_303' title='bbox 564 3393 624 3426; x_wconf 85' lang='lat' dir='ltr'><strong>voce</strong></span> <span class='ocrx_word' id='word_1_304' title='bbox 650 3377 764 3436; x_wconf 69' lang='lat' dir='ltr'><strong>asserno,</strong></span> <span class='ocrx_word' id='word_1_305' title='bbox 845 3391 888 3426; x_wconf 83' lang='lat' dir='ltr'><strong>aa.</strong></span> <span class='ocrx_word' id='word_1_306' title='bbox 909 3375 966 3422; x_wconf 84' lang='lat' dir='ltr'><strong>Dies</strong></span> <span class='ocrx_word' id='word_1_307' title='bbox 972 3374 1030 3440; x_wconf 84' lang='lat' dir='ltr'><strong>jam</strong></span> <span class='ocrx_word' id='word_1_308' title='bbox 1040 3373 1170 3438; x_wconf 84' lang='lat' dir='ltr'><strong>plerosque</strong></span> <span class='ocrx_word' id='word_1_309' title='bbox 1182 3371 1321 3420; x_wconf 80' lang='lat' dir='ltr'><strong>deduceret.</strong></span> 
     </span>
     <span class='ocr_line' id='line_1_35' title="bbox 253 3439 1321 3520; baseline -0.002 -20"><span class='ocrx_word' id='word_1_310' title='bbox 253 3451 421 3503; x_wconf 82' lang='lat' dir='ltr'><strong>affirmationis</strong></span> <span class='ocrx_word' id='word_1_311' title='bbox 439 3454 465 3502; x_wconf 80' lang='lat' dir='ltr'><strong>ri</strong></span> <span class='ocrx_word' id='word_1_312' title='bbox 487 3457 573 3506; x_wconf 88' lang='lat' dir='ltr'><strong>utitur.</strong></span> <span class='ocrx_word' id='word_1_313' title='bbox 604 3457 636 3504; x_wconf 78' lang='lat' dir='ltr'><strong>tta</strong></span> <span class='ocrx_word' id='word_1_314' title='bbox 663 3456 763 3505; x_wconf 90' lang='lat' dir='ltr'><strong>omuino</strong></span> <span class='ocrx_word' id='word_1_315' title='bbox 808 3439 1321 3520; x_wconf 52' lang='lat' dir='ltr'><strong>Dr&#39;esplerosqrieeunomiaesereternpus:</strong></span> 
     </span>
     <span class='ocr_line' id='line_1_36' title="bbox 254 3530 1322 3601; baseline 0 -22"><span class='ocrx_word' id='word_1_316' title='bbox 254 3533 346 3595; x_wconf 85' lang='lat' dir='ltr'><strong>primus</strong></span> <span class='ocrx_word' id='word_1_317' title='bbox 353 3533 457 3582; x_wconf 81' lang='lat' dir='ltr'><strong>Ovidius</strong></span> <span class='ocrx_word' id='word_1_318' title='bbox 468 3547 516 3595; x_wconf 89' lang='lat' dir='ltr'><strong>eat,</strong></span> <span class='ocrx_word' id='word_1_319' title='bbox 537 3534 603 3599; x_wconf 84' lang='lat' dir='ltr'><strong>apud</strong></span> <span class='ocrx_word' id='word_1_320' title='bbox 612 3551 683 3601; x_wconf 88' lang='lat' dir='ltr'><strong>quem</strong></span> <span class='ocrx_word' id='word_1_321' title='bbox 698 3551 765 3584; x_wconf 68' lang='lat' dir='ltr'><strong>asse</strong></span> <span class='ocrx_word' id='word_1_322' title='bbox 808 3536 880 3585; x_wconf 81' lang='lat' dir='ltr'><strong>simili</strong></span> <span class='ocrx_word' id='word_1_323' title='bbox 891 3535 986 3583; x_wconf 88' lang='lat' dir='ltr'><strong>ratione</strong></span> <span class='ocrx_word' id='word_1_324' title='bbox 996 3548 1079 3581; x_wconf 81' lang='lat' dir='ltr'><strong>enarres</strong></span> <span class='ocrx_word' id='word_1_325' title='bbox 1093 3532 1154 3581; x_wconf 76' lang='lat' dir='ltr'><strong>viter</strong></span> <span class='ocrx_word' id='word_1_326' title='bbox 1166 3530 1219 3579; x_wconf 81' lang='lat' dir='ltr'><strong>dies</strong></span> <span class='ocrx_word' id='word_1_327' title='bbox 1234 3531 1322 3580; x_wconf 85' lang='lat' dir='ltr'><strong>dicun·</strong></span> 
     </span>
     <span class='ocr_line' id='line_1_37' title="bbox 254 3609 1321 3678; baseline 0 -21"><span class='ocrx_word' id='word_1_328' title='bbox 254 3625 314 3669; x_wconf 84' lang='lat' dir='ltr'><strong>rere,</strong></span> <span class='ocrx_word' id='word_1_329' title='bbox 323 3609 465 3660; x_wconf 80' lang='lat' dir='ltr'><strong>vindicandi</strong></span> <span class='ocrx_word' id='word_1_330' title='bbox 476 3615 762 3678; x_wconf 82' lang='lat' dir='ltr'><strong>potestatelegatnrMet.</strong></span> <span class='ocrx_word' id='word_1_331' title='bbox 808 3627 857 3665; x_wconf 81' lang='lat' dir='ltr'><strong>tur.</strong></span> <span class='ocrx_word' id='word_1_332' title='bbox 881 3615 945 3664; x_wconf 85' lang='lat' dir='ltr'><strong>Nam</strong></span> <span class='ocrx_word' id='word_1_333' title='bbox 971 3613 1071 3677; x_wconf 76' lang='lat' dir='ltr'><strong>ingenio</strong></span> <span class='ocrx_word' id='word_1_334' title='bbox 1096 3610 1198 3660; x_wconf 86' lang='lat' dir='ltr'><strong>indulsit</strong></span> <span class='ocrx_word' id='word_1_335' title='bbox 1227 3610 1321 3658; x_wconf 76' lang='lat' dir='ltr'><strong>Davisii</strong></span> 
     </span>
     <span class='ocr_line' id='line_1_38' title="bbox 256 3688 1321 3758; baseline -0.001 -21"><span class='ocrx_word' id='word_1_336' title='bbox 256 3703 282 3748; x_wconf 88' lang='lat' dir='ltr'><strong>a,</strong></span> <span class='ocrx_word' id='word_1_337' title='bbox 302 3688 362 3750; x_wconf 72' lang='lat'><strong>761,</strong></span> <span class='ocrx_word' id='word_1_338' title='bbox 385 3705 493 3754; x_wconf 76' lang='lat' dir='ltr'><strong>ameqne</strong></span> <span class='ocrx_word' id='word_1_339' title='bbox 509 3691 593 3742; x_wconf 88' lang='lat' dir='ltr'><strong>adsere</strong></span> <span class='ocrx_word' id='word_1_340' title='bbox 612 3692 671 3742; x_wconf 75' lang='lat' dir='ltr'><strong>culo</strong></span> <span class='ocrx_word' id='word_1_341' title='bbox 683 3713 706 3741; x_wconf 77' lang='lat' dir='ltr'><strong>s.</strong></span> <span class='ocrx_word' id='word_1_342' title='bbox 725 3693 762 3744; x_wconf 79' lang='lat' dir='ltr'><strong>Cf.</strong></span> <span class='ocrx_word' id='word_1_343' title='bbox 807 3695 914 3754; x_wconf 79' lang='lat' dir='ltr'><strong>euricus,</strong></span> <span class='ocrx_word' id='word_1_344' title='bbox 933 3709 1009 3758; x_wconf 82' lang='lat' dir='ltr'><strong>quum</strong></span> <span class='ocrx_word' id='word_1_345' title='bbox 1023 3691 1106 3742; x_wconf 78' lang='lat' dir='ltr'><strong>diebus</strong></span> <span class='ocrx_word' id='word_1_346' title='bbox 1121 3689 1225 3738; x_wconf 79' lang='lat' dir='ltr'><strong>alternis</strong></span> <span class='ocrx_word' id='word_1_347' title='bbox 1242 3691 1321 3750; x_wconf 78' lang='lat' dir='ltr'><strong>conji-</strong></span> 
     </span>
     <span class='ocr_line' id='line_1_39' title="bbox 252 3766 1321 3828; baseline 0.001 -12"><span class='ocrx_word' id='word_1_348' title='bbox 252 3766 509 3828; x_wconf 64' lang='lat' dir='ltr'><strong>enuntiaretur,</strong></span> <span class='ocrx_word' id='word_1_349' title='bbox 522 3769 566 3820; x_wconf 80' lang='lat'><strong>60.</strong></span> <span class='ocrx_word' id='word_1_350' title='bbox 578 3771 672 3820; x_wconf 81' lang='lat' dir='ltr'><strong>Eodem</strong></span> <span class='ocrx_word' id='word_1_351' title='bbox 685 3771 762 3822; x_wconf 90' lang='lat' dir='ltr'><strong>modo</strong></span> <span class='ocrx_word' id='word_1_352' title='bbox 805 3785 879 3823; x_wconf 73' lang='lat' dir='ltr'><strong>cerer„</strong></span> <span class='ocrx_word' id='word_1_353' title='bbox 904 3777 965 3822; x_wconf 82' lang='lat' dir='ltr'><strong>Jam</strong></span> <span class='ocrx_word' id='word_1_354' title='bbox 985 3788 1024 3822; x_wconf 85' lang='lat' dir='ltr'><strong>me</strong></span> <span class='ocrx_word' id='word_1_355' title='bbox 1050 3771 1112 3820; x_wconf 86' lang='lat' dir='ltr'><strong>mele</strong></span> <span class='ocrx_word' id='word_1_356' title='bbox 1134 3769 1217 3818; x_wconf 89' lang='lat' dir='ltr'><strong>habet.</strong></span> <span class='ocrx_word' id='word_1_357' title='bbox 1241 3769 1321 3818; x_wconf 82' lang='lat' dir='ltr'><strong>Possis</strong></span> 
     </span>
     <span class='ocr_line' id='line_1_40' title="bbox 251 3845 1320 3918; baseline 0.003 -24"><span class='ocrx_word' id='word_1_358' title='bbox 251 3845 336 3911; x_wconf 85' lang='lat' dir='ltr'><strong>paullo</strong></span> <span class='ocrx_word' id='word_1_359' title='bbox 349 3857 424 3910; x_wconf 87' lang='lat' dir='ltr'><strong>post,</strong></span> <span class='ocrx_word' id='word_1_360' title='bbox 437 3849 623 3897; x_wconf 70' lang='lat' dir='ltr'><strong>«sumnonem</strong></span> <span class='ocrx_word' id='word_1_361' title='bbox 639 3852 761 3916; x_wconf 82' lang='lat' dir='ltr'><strong>approba·</strong></span> <span class='ocrx_word' id='word_1_362' title='bbox 804 3853 867 3902; x_wconf 86' lang='lat' dir='ltr'><strong>banc</strong></span> <span class='ocrx_word' id='word_1_363' title='bbox 887 3861 953 3918; x_wconf 85' lang='lat' dir='ltr'><strong>part.</strong></span> <span class='ocrx_word' id='word_1_364' title='bbox 976 3865 1024 3917; x_wconf 89' lang='lat' dir='ltr'><strong>pro</strong></span> <span class='ocrx_word' id='word_1_365' title='bbox 1044 3847 1151 3901; x_wconf 73' lang='grc' dir='ltr'>ἀπὸτοῦ</span> <span class='ocrx_word' id='word_1_366' title='bbox 1169 3851 1209 3898; x_wconf 70' lang='grc' dir='ltr'><strong>νῦν</strong></span> <span class='ocrx_word' id='word_1_367' title='bbox 1230 3847 1320 3897; x_wconf 87' lang='lat' dir='ltr'><strong>dictam</strong></span> 
     </span>
     <span class='ocr_line' id='line_1_41' title="bbox 252 3925 1318 3996; baseline 0.004 -23"><span class='ocrx_word' id='word_1_368' title='bbox 252 3925 391 3990; x_wconf 87' lang='lat' dir='ltr'><strong>tionemque</strong></span> <span class='ocrx_word' id='word_1_369' title='bbox 404 3927 543 3990; x_wconf 79' lang='lat' dir='ltr'><strong>probare»,</strong></span> <span class='ocrx_word' id='word_1_370' title='bbox 559 3928 645 3994; x_wconf 86' lang='lat' dir='ltr'><strong>scripti</strong></span> <span class='ocrx_word' id='word_1_371' title='bbox 663 3945 762 3990; x_wconf 83' lang='lat' dir='ltr'><strong>omnes,</strong></span> <span class='ocrx_word' id='word_1_372' title='bbox 804 3931 929 3996; x_wconf 79' lang='lat' dir='ltr'><strong>accipere3</strong></span> <span class='ocrx_word' id='word_1_373' title='bbox 950 3929 992 3980; x_wconf 87' lang='lat' dir='ltr'><strong>sed</strong></span> <span class='ocrx_word' id='word_1_374' title='bbox 1014 3941 1065 3979; x_wconf 89' lang='lat' dir='ltr'><strong>tum</strong></span> <span class='ocrx_word' id='word_1_375' title='bbox 1086 3928 1158 3976; x_wconf 89' lang='lat' dir='ltr'><strong>niutis</strong></span> <span class='ocrx_word' id='word_1_376' title='bbox 1175 3943 1238 3996; x_wconf 72' lang='lat' dir='ltr'><strong>vaga</strong></span> <span class='ocrx_word' id='word_1_377' title='bbox 1252 3929 1318 3977; x_wconf 89' lang='lat' dir='ltr'><strong>erit:</strong></span> 
     </span>
     <span class='ocr_line' id='line_1_42' title="bbox 252 4005 1319 4076; baseline 0.001 -23"><span class='ocrx_word' id='word_1_378' title='bbox 252 4005 764 4074; x_wconf 67' lang='lat' dir='ltr'><strong>ammonem-,peceanee-appm·</strong></span> <span class='ocrx_word' id='word_1_379' title='bbox 805 4010 885 4076; x_wconf 79' lang='lat' dir='ltr'><strong>poesis</strong></span> <span class='ocrx_word' id='word_1_380' title='bbox 904 4025 951 4074; x_wconf 83' lang='lat' dir='ltr'><strong>pro</strong></span> <span class='ocrx_word' id='word_1_381' title='bbox 973 4007 1084 4075; x_wconf 79' lang='lat' dir='ltr'><strong>quiden,</strong></span> <span class='ocrx_word' id='word_1_382' title='bbox 1107 4021 1195 4056; x_wconf 80' lang='lat' dir='ltr'><strong>sane:</strong></span> <span class='ocrx_word' id='word_1_383' title='bbox 1222 4006 1319 4055; x_wconf 85' lang='lat' dir='ltr'><strong>sedita</strong></span> 
     </span>
     <span class='ocr_line' id='line_1_43' title="bbox 252 4079 1319 4154; baseline 0.005 -25"><span class='ocrx_word' id='word_1_384' title='bbox 252 4079 373 4132; x_wconf 83' lang='lat' dir='ltr'><strong>barionem</strong></span> <span class='ocrx_word' id='word_1_385' title='bbox 387 4083 587 4133; x_wconf 82' lang='lat' dir='ltr'><strong>etasaeneiouern</strong></span> <span class='ocrx_word' id='word_1_386' title='bbox 600 4084 761 4136; x_wconf 79' lang='lat' dir='ltr'><strong>tollebatAr·</strong></span> <span class='ocrx_word' id='word_1_387' title='bbox 802 4087 857 4154; x_wconf 85' lang='lat' dir='ltr'><strong>jam</strong></span> <span class='ocrx_word' id='word_1_388' title='bbox 878 4087 952 4138; x_wconf 83' lang='lat' dir='ltr'><strong>modo</strong></span> <span class='ocrx_word' id='word_1_389' title='bbox 974 4087 1002 4136; x_wconf 86' lang='lat' dir='ltr'><strong>in</strong></span> <span class='ocrx_word' id='word_1_390' title='bbox 1026 4086 1199 4136; x_wconf 69' lang='lat' dir='ltr'><strong>conuentione</strong></span> <span class='ocrx_word' id='word_1_391' title='bbox 1220 4085 1319 4136; x_wconf 85' lang='lat' dir='ltr'><strong>dicitnr.</strong></span> 
     </span>
    </p>
   </div>
   <div class='ocr_carea' id='block_1_4' title="bbox 0 0 1386 4688">
    <p class='ocr_par' dir='ltr' id='par_1_4' title="bbox 0 0 1386 4688">
     <span class='ocr_line' id='line_1_44' title="bbox 0 0 1386 4688; baseline 0 1"><span class='ocrx_word' id='word_1_392' title='bbox 0 0 1386 4688; x_wconf 95' lang='lat' dir='ltr'><strong> </strong></span> 
     </span>
    </p>
   </div>
  </div>
 </body>
</html>
