2716 4686
280 399 529 468 ACADEMIC.
556 400 605 485 11,
631 397 762 467 LIBER
786 399 818 484 l,
842 419 877 491 9.
1044 391 1111 493 159

53 528 116 596 Nos
131 546 216 596 vero
236 520 423 606 volumus,
443 521 614 620 inquam,
634 535 677 592 ut
698 545 768 618 pro
786 519 907 590 Attico
925 520 1109 591 etiamrc-

53 631 248 732 spondeam.
262 637 367 703 —Et
390 645 508 720 recte,
526 633 663 730 inquit,
683 628 915 730 respondes².
938 630 1108 703 Praeclare

53 745 136 814 enim
153 741 355 840 explicatur
370 744 687 840 peripateticorum
701 796 711 828 ‚
725 755 762 812 ct
775 739 964 811 academiae
977 743 1109 814 veteris

53 853 231 924 auctoritas
242 847 270 920 ³.
287 851 525 922 Aristotelesi
544 855 683 951 primus
703 853 858 950 species,
876 873 967 946 quas
986 851 1110 948 paullo

52 977 123 1032 ante
145 960 239 1048 dixi,
261 958 511 1032 labefactavit:
531 986 621 1059 quas
643 960 795 1032 mirifice
819 961 920 1032 Plato
939 976 1017 1032 erat
1033 987 1108 1034 am·

53 1071 201 1169 ploratus
213 1067 248 1158 ⁵3
269 1086 312 1142 ut
331 1074 369 1142 in
388 1071 445 1142 his
466 1071 640 1170 quiddam
657 1069 819 1144 divinum
839 1065 938 1142 essc⁶
958 1071 1104 1145 diceret.

52 1181 332 1280 Theophrastus⁷
358 1196 498 1270 autem,
521 1184 577 1253 vir
603 1198 639 1254 et
664 1185 828 1254 oratione
849 1181 987 1268 suavis,
1004 1196 1041 1253 et
1060 1186 1110 1255 ita

53 1307 199 1364 moratus
209 1288 238 1380 ⁸,
268 1307 311 1363 ut
334 1317 407 1391 prae
434 1317 472 1365 se
494 1293 713 1392 probitatem
737 1291 931 1391 quamdam
954 1307 992 1364 et
1010 1296 1109 1391 inge-

53 1403 214 1474 nuitatem
234 1399 382 1492 fenest,
410 1401 658 1474 vehementius
685 1407 792 1476 ctiam
818 1401 927 1504 fregit
950 1403 1109 1501 quodam

53 1607 553 1675 suffl,statemenuptttosopttoetntet-
632 1611 655 1660 5.
682 1609 855 1674 Amplexetur.
882 1611 965 1658 Oxou.
985 1611 1015 1660 tt.
1036 1607 1109 1661 Basil.

53 1687 88 1751 ligi
94 1687 165 1748 jobet.
174 1687 239 1735 Nam
253 1687 326 1734 etiam
335 1687 383 1735 tto's
392 1689 553 1746 vedssimum,
595 1687 684 1753 aliique
703 1687 841 1752 amplexus.
862 1689 954 1747 Pravo,
970 1704 1046 1753 quum
1058 1691 1109 1739 bec

53 1777 81 1822 et,
94 1777 118 1814 ut
130 1763 233 1818 Wetael
246 1765 341 1814 dudum
355 1766 431 1828 sidit,
441 1767 474 1815 ad
487 1770 553 1816 Aca·
595 1767 783 1832 frequentativa,
793 1783 848 1830 quas
863 1765 914 1816 Cio.
928 1779 1002 1824 amat,
1013 1769 1039 1816 in
1049 1769 1110 1818 scri·

53 1845 145 1894 &moos
153 1847 378 1910 Peripateticosque
388 1845 552 1896 referendum.
594 1847 644 1912 ptis
653 1845 744 1911 ubique
753 1845 921 1895 obliterantur.
934 1847 965 1894 G.

53 1924 132 1974 Eodem
139 1939 240 1989 prorsus
251 1924 329 1972 modo
339 1923 353 1990 s
364 1925 411 1988 tt,
420 1925 457 1974 illi
463 1927 553 1975 dicun·
631 1927 656 1975 6.
671 1924 782 1973 Divinum
798 1941 856 1974 esse.
877 1927 933 1974 Bas.
950 1925 1058 1975 divinum
1069 1927 1107 1976 in·

53 2015 92 2053 tor.
103 2001 210 2053 tifilam
224 2019 271 2068 pro
288 2003 345 2062 iltis,
359 2003 489 2053 Aristoteli
502 2005 554 2054 edi·
596 2021 661 2061 csse,-
674 2004 740 2070 quod
751 2003 867 2052 hocloco
880 2019 930 2052 non
942 2005 1029 2068 probo.
1044 2008 1107 2056 Nam

53 2083 89 2132 dit.
97 2085 231 2148 Pes-peram.
241 2083 305 2131 llam
313 2083 406 2148 quaeda
414 2084 554 2145 Aristotele,
595 2085 659 2134 bene
671 2080 841 2148 distinguenda
857 2083 1009 2142 sentinosae
1023 2086 1048 2134 ira
1061 2087 1107 2136 att-

51 2161 162 2227 Tneopbr.
173 2175 198 2211 et
210 2161 341 2221 Strabone,
353 2175 399 2211 ete.
414 2164 552 2221 adduntur,
597 2181 646 2230 qno
656 2198 664 2224 ‚
673 2175 698 2212 et
712 2181 763 2211 esse
776 2162 800 2210 irs
813 2161 906 2228 aliquo.
923 2165 1046 2214 Posterius
1059 2168 1109 2216 dici

52 2255 74 2287 ea
88 2241 116 2288 ad
129 2240 201 2290 verba
217 2241 288 2306 cujus
303 2240 480 2307 dt'spatatt'oues
496 2261 553 2308 spe-
597 2260 649 2293 non
673 2253 771 2307 potest,
797 2245 844 2290 nisi
867 2258 917 2290 esse
940 2259 988 2309 pro
1008 2246 1108 2296 «locum

52 2321 327 2387 etant.Cujusautem,ac.
337 2322 429 2387 «panto
438 2322 555 2387 dispntt.»
596 2323 704 2372 babere»
718 2323 852 2386 accipitur;
866 2324 933 2386 quod
952 2341 1021 2372 secus
1034 2337 1070 2375 est
1082 2327 1108 2376 in

51 2399 555 2468 sunt,«quasde'eaparte‚aPlatoncpri-
597 2403 675 2469 priori
699 2403 785 2450 forma.
808 2401 902 2467 Saepius
924 2414 1004 2453 autem
1026 2406 1108 2466 Plato,

51 2497 106 2529 nom
119 2481 224 2543 tradita,
237 2479 268 2528 ab
283 2480 323 2529 his
333 2480 454 2547 disputata
468 2493 525 2531 sunt
532 2505 553 2532 o.
596 2482 662 2531 ideas
672 2479 734 2538 deice
745 2473 805 2530 altas
815 2479 905 2538 obolos.
915 2485 947 2532 G.

51 2561 105 2609 llinc
120 2562 256 2626 intelliges,
275 2575 347 2626 qoam
360 2564 458 2612 sinistre
469 2564 553 2614 Daris.
633 2579 657 2624 p.
681 2559 865 2626 Theophrastus.
886 2562 937 2624 Qui
948 2575 1005 2612 ante
1018 2565 1108 2630 Tyrta-
1161 2593 1165 2602 ·

50 2641 182 2691 mutationes
205 2640 244 2690 rel
264 2641 385 2691 immutat.
411 2644 553 2705 coniecerit.
595 2658 649 2691 mus
674 2641 814 2704 dicebatur;
832 2640 921 2690 deinde
939 2641 969 2689 de
990 2643 1108 2692 orationis

51 2721 107 2782 Quos
116 2721 253 2788 acceperim
262 2755 272 2782 ,
281 2721 409 2787 intelliges,
423 2723 456 2770 ab
465 2723 553 2771 Antio·
596 2723 724 2772 divinitate
736 2721 920 2786 Theophrastus
939 2733 1041 2770 vocatus
1063 2735 1107 2774 est.

49 2799 93 2850 olto.
105 2803 136 2850 G.
596 2801 671 2868 Quod
682 2814 762 2851 nmen
774 2803 871 2850 Senecae
881 2815 933 2848 non
944 2799 1040 2864 placet,
1048 2801 1106 2854 Nat.

78 2896 100 2929 a.
113 2883 147 2930 Et
161 2891 239 2933 recte.
259 2877 352 2944 inquit,
364 2879 500 2946 respondes.
515 2881 554 2931 No
596 2881 797 2947 Quaest.lib.Vl‚
814 2880 858 2929 13:
873 2902 886 2922 α
895 2883 924 2928 In
935 2879 982 2928 bac
991 2881 1108 2931 sententia

50 2961 144 3009 Atticum
152 2961 185 3010 ad
197 2959 281 3026 inquit
291 2959 411 3025 intelligas
422 2971 496 3009 :sunt
507 2961 554 3010 ista
595 2962 654 3010 licet
665 2976 742 3026 ponas
751 2959 919 3016 Aristotelem,
933 2969 957 3006 ct
966 2959 1109 3024 Theophra·

50 3038 113 3090 verba
125 3042 259 3100 Varronis,
278 3042 320 3105 qui
332 3042 386 3090 baso
395 3041 527 3105 Antiochi,
539 3057 553 3090 a
595 3053 660 3091 mom
676 3041 728 3102 ejus
743 3037 904 3103 discipulum,
913 3053 966 3085 non
979 3048 1005 3086 ut
1018 3038 1110 3088 Gracia

49 3133 71 3164 ¹0
82 3121 211 3184 proposita,
228 3119 320 3169 laudet.
330 3121 361 3170 G.
595 3121 673 3170 visum
688 3129 724 3166 cst
733 3116 812 3164 divini
822 3150 830 3175 ,
844 3127 923 3164 tameo
935 3127 959 3164 et
972 3117 1050 3166 dulcis
1058 3119 1109 3168 clo-

79 3195 100 3248 3.
124 3197 278 3249 Auctoritas.
291 3201 496 3264 Quarumrerum
508 3215 553 3247 au·
596 3199 649 3264 quii
664 3199 761 3258 sirum
784 3207 809 3244 et
829 3193 902 3244 nitidi
919 3196 971 3244 sine
993 3195 1108 3248 labore».

50 3279 353 3344 confessionesque
373 3293 459 3327 eoram
482 3278 555 3326 fuerit
595 3278 680 3338 Tuam

49 3359 166 3406 sententia.
179 3357 268 3408 Tusa.
633 3359 658 3406 8.
672 3353 789 3402 Oratione
799 3351 931 3416 suavis‚et
942 3353 977 3403 ita
992 3369 1109 3410 moratos.

80 3439 104 3496 d.
113 3436 265 3486 Aristoteles.
276 3439 306 3484 In
314 3435 352 3484 ltis
365 3453 421 3501 qua·
431 3435 555 3502 inscripsit
598 3437 711 3484 lllorotus
719 3431 830 3497 praebent
845 3433 893 3481 mei
910 3445 935 3484 et
947 3436 1047 3486 Oxonn.
1058 3456 1111 3488 mo-

49 3512 105 3580 μπὰ
117 3515 149 3568 τὰ
161 3515 263 3586 φυσικά.
278 3515 349 3565 Plato
366 3528 448 3565 autern
462 3517 555 3581 species
598 3515 699 3563 demtus
708 3521 794 3562 contra
805 3513 891 3576 ‚quod
900 3513 991 3564 babent
999 3517 1109 3567 Turncb.

50 3593 169 3646 induxerat
179 3595 212 3646 ad
226 3595 421 3660 disputationum
433 3594 557 3645 definitio·
598 3597 627 3644 P.
642 3597 739 3642 Manat.
757 3591 840 3640 lamb.
852 3592 943 3657 ubique
957 3597 1007 3643 fers
1024 3614 1056 3646 ex
1067 3597 1110 3646 illo

50 3688 101 3734 nes,
112 3688 142 3725 ut
153 3676 187 3724 ait
205 3675 359 3724 Aristotelea.
379 3677 464 3739 Itaque
479 3693 506 3724 ea
526 3676 557 3724 dc
599 3684 743 3738 corruptum
756 3670 855 3735 legitur.
871 3673 952 3722 Placet
970 3674 1006 3722 ito
1018 3675 1045 3724 in
1055 3675 1111 3726 vita

50 3767 112 3802 erosa
128 3771 143 3804 a
159 3755 280 3805 Cicerone
297 3753 351 3802 idea
369 3752 503 3803 dialecticae
515 3754 556 3802 hic
600 3763 735 3812 motatum,
750 3767 826 3816 quum
845 3751 894 3801 lere
909 3769 1003 3820 sempor
1016 3767 1110 3812 auctor,

48 3833 155 3884 attn'bnta
168 3847 214 3884 est.
226 3835 313 3882 Τυιπ.
325 3860 361 3871 -
370 3835 407 3882 De
418 3833 558 3882 Aristotelis
601 3848 652 3880 uon
666 3831 809 3896 simpliciter
822 3843 946 3888 moratas,
966 3833 1009 3882 sed
1026 3857 1039 3876 «ι
1048 3835 1110 3882 benc

49 3924 122 3962 antem
151 3912 306 3969 rationibus,
332 3913 423 3976 quibus
448 3913 557 3962 Platonis
601 3921 736 3959 moratus».
756 3910 826 3960 Nihil
841 3923 920 3960 tamen
939 3925 1055 3961 mutatum
1068 3930 1111 3960 vo·

50 3989 103 4040 ideae
118 3991 309 4044 labefactantur.
324 3990 358 4039 cl.
373 4005 428 4054 quse
446 4000 558 4040 aromate
600 3991 688 4040 lomus.
698 3991 738 4040 Cf.
747 3991 818 4039 Taso.
830 3993 870 4051 ΙΙ,
885 3998 916 4054 t,
934 4007 973 4040 ot.
993 3991 1024 4039 G.

51 4069 330 4121 lamentationum.
343 4069 429 4118 Gessit.
439 4069 484 4117 der
501 4069 557 4118 rtt·
638 4086 663 4133 9.
677 4071 766 4118 Ferret.
781 4071 848 4120 Goer.
866 4070 975 4120 defendit
989 4087 1056 4118 suam
1078 4071 1111 4118 le·

50 4149 133 4215 losopi.
150 4161 212 4202 tom.
228 4151 339 4212 ΜΝ.
353 4149 444 4208 48-53.
460 4150 490 4197 G.
603 4149 708 4198 ctionem
711 4147 799 4216 ferat,
818 4151 910 4214 quippe
923 4165 990 4212 quo,
1013 4149 1111 4213 inquit,
