<?xml version="1.0" encoding="UTF-8"?>
<!DOCTYPE html PUBLIC "-//W3C//DTD XHTML 1.0 Transitional//EN"
    "http://www.w3.org/TR/xhtml1/DTD/xhtml1-transitional.dtd">
<html xmlns="http://www.w3.org/1999/xhtml" xml:lang="en" lang="en">
 <head>
  <title>
</title>
<meta http-equiv="Content-Type" content="text/html;charset=utf-8" />
  <meta name='ocr-system' content='tesseract 3.04.00' />
  <meta name='ocr-capabilities' content='ocr_page ocr_carea ocr_par ocr_line ocrx_word'/>
</head>
<body>
  <div class='ocr_page' id='page_1' title='image "./mtciceronisquae01lemagoog_0023.png"; bbox 0 0 2770 4688; ppageno 0'>
   <div class='ocr_carea' id='block_1_1' title="bbox 410 361 1104 486">
    <p class='ocr_par' dir='ltr' id='par_1_1' title="bbox 410 361 1104 486">
     <span class='ocr_line' id='line_1_1' title="bbox 410 361 1104 486; baseline 0.009 -6"><span class='ocrx_word' id='word_1_1' title='bbox 410 410 734 482; x_wconf 78' lang='lat' dir='ltr'>lutnouucno.</span> <span class='ocrx_word' id='word_1_2' title='bbox 888 361 890 366; x_wconf 32' lang='lat'>⁵</span> <span class='ocrx_word' id='word_1_3' title='bbox 1082 411 1104 486; x_wconf 82' lang='lat'>3</span> 
     </span>
    </p>
   </div>
   <div class='ocr_carea' id='block_1_2' title="bbox 68 531 1118 1990">
    <p class='ocr_par' dir='ltr' id='par_1_2' title="bbox 68 531 1110 1254">
     <span class='ocr_line' id='line_1_2' title="bbox 69 531 1110 618; baseline 0.007 -24"><span class='ocrx_word' id='word_1_4' title='bbox 69 551 187 618; x_wconf 80' lang='lat' dir='ltr'>quemn</span> <span class='ocrx_word' id='word_1_5' title='bbox 212 551 307 596; x_wconf 84' lang='lat' dir='ltr'>cnuse</span> <span class='ocrx_word' id='word_1_6' title='bbox 327 531 422 596; x_wconf 90' lang='lat' dir='ltr'>unice</span> <span class='ocrx_word' id='word_1_7' title='bbox 446 531 506 596; x_wconf 90' lang='lat' dir='ltr'>hos</span> <span class='ocrx_word' id='word_1_8' title='bbox 529 532 629 597; x_wconf 87' lang='lat' dir='ltr'>libros</span> <span class='ocrx_word' id='word_1_9' title='bbox 652 534 696 596; x_wconf 85' lang='lat' dir='ltr'>ita</span> <span class='ocrx_word' id='word_1_10' title='bbox 717 547 858 598; x_wconf 78' lang='lat' dir='ltr'>mutatos</span> <span class='ocrx_word' id='word_1_11' title='bbox 880 533 974 598; x_wconf 87' lang='lat' dir='ltr'>edere</span> <span class='ocrx_word' id='word_1_12' title='bbox 995 534 1110 601; x_wconf 81' lang='lat' dir='ltr'>Attico·</span> 
     </span>
     <span class='ocr_line' id='line_1_3' title="bbox 69 634 1107 727; baseline 0.005 -27"><span class='ocrx_word' id='word_1_13' title='bbox 69 634 151 700; x_wconf 83' lang='lat' dir='ltr'>rideri</span> <span class='ocrx_word' id='word_1_14' title='bbox 160 635 270 700; x_wconf 80' lang='lat' dir='ltr'>voluit.</span> <span class='ocrx_word' id='word_1_15' title='bbox 287 635 350 701; x_wconf 90' lang='lat' dir='ltr'>Sed</span> <span class='ocrx_word' id='word_1_16' title='bbox 363 659 404 700; x_wconf 88' lang='lat' dir='ltr'>ne</span> <span class='ocrx_word' id='word_1_17' title='bbox 418 635 605 724; x_wconf 89' lang='lat' dir='ltr'>quidnobis</span> <span class='ocrx_word' id='word_1_18' title='bbox 618 637 819 727; x_wconf 71' lang='lat' dir='ltr'>praeripuisse</span> <span class='ocrx_word' id='word_1_19' title='bbox 830 637 1007 722; x_wconf 77' lang='lat' dir='ltr'>videamur,</span> <span class='ocrx_word' id='word_1_20' title='bbox 1020 653 1107 708; x_wconf 77' lang='lat' dir='ltr'>certe</span> 
     </span>
     <span class='ocr_line' id='line_1_4' title="bbox 69 740 1106 833; baseline 0.005 -28"><span class='ocrx_word' id='word_1_21' title='bbox 69 741 192 828; x_wconf 75' lang='lat' dir='ltr'>quedem</span> <span class='ocrx_word' id='word_1_22' title='bbox 209 741 259 806; x_wconf 80' lang='lat' dir='ltr'>ria</span> <span class='ocrx_word' id='word_1_23' title='bbox 276 740 485 832; x_wconf 76' lang='lat' dir='ltr'>ingredienda</span> <span class='ocrx_word' id='word_1_24' title='bbox 503 759 571 824; x_wconf 89' lang='lat' dir='ltr'>est,</span> <span class='ocrx_word' id='word_1_25' title='bbox 587 765 651 832; x_wconf 84' lang='lat' dir='ltr'>qua</span> <span class='ocrx_word' id='word_1_26' title='bbox 668 744 810 830; x_wconf 88' lang='lat' dir='ltr'>primum</span> <span class='ocrx_word' id='word_1_27' title='bbox 827 743 896 808; x_wconf 84' lang='lat' dir='ltr'>locs</span> <span class='ocrx_word' id='word_1_28' title='bbox 913 765 968 828; x_wconf 82' lang='lat' dir='ltr'>es,</span> <span class='ocrx_word' id='word_1_29' title='bbox 987 745 1106 833; x_wconf 84' lang='lat' dir='ltr'>quibus</span> 
     </span>
     <span class='ocr_line' id='line_1_5' title="bbox 68 846 1107 938; baseline 0.004 -28"><span class='ocrx_word' id='word_1_30' title='bbox 68 846 339 912; x_wconf 78' lang='lat' dir='ltr'>heeconuovcrsie</span> <span class='ocrx_word' id='word_1_31' title='bbox 353 846 479 929; x_wconf 87' lang='lat' dir='ltr'>nititur,</span> <span class='ocrx_word' id='word_1_32' title='bbox 489 847 694 938; x_wconf 84' lang='lat' dir='ltr'>colligemus:</span> <span class='ocrx_word' id='word_1_33' title='bbox 708 849 753 913; x_wconf 82' lang='lat' dir='ltr'>its</span> <span class='ocrx_word' id='word_1_34' title='bbox 764 869 831 912; x_wconf 89' lang='lat' dir='ltr'>non</span> <span class='ocrx_word' id='word_1_35' title='bbox 843 849 947 912; x_wconf 87' lang='lat' dir='ltr'>solum</span> <span class='ocrx_word' id='word_1_36' title='bbox 961 848 1107 914; x_wconf 80' lang='lat' dir='ltr'>breviore</span> 
     </span>
     <span class='ocr_line' id='line_1_6' title="bbox 68 951 1105 1038; baseline 0.004 -24"><span class='ocrx_word' id='word_1_37' title='bbox 68 953 172 1014; x_wconf 68' lang='lat' dir='ltr'>unone</span> <span class='ocrx_word' id='word_1_38' title='bbox 184 953 327 1016; x_wconf 80' lang='lat' dir='ltr'>virorum</span> <span class='ocrx_word' id='word_1_39' title='bbox 338 951 512 1017; x_wconf 84' lang='lat' dir='ltr'>doctorum</span> <span class='ocrx_word' id='word_1_40' title='bbox 521 953 687 1018; x_wconf 71' lang='lat' dir='ltr'>sententiae</span> <span class='ocrx_word' id='word_1_41' title='bbox 698 954 733 1017; x_wconf 92' lang='lat' dir='ltr'>in</span> <span class='ocrx_word' id='word_1_42' title='bbox 747 973 880 1018; x_wconf 89' lang='lat' dir='ltr'>censum</span> <span class='ocrx_word' id='word_1_43' title='bbox 890 955 1105 1038; x_wconf 77' lang='lat' dir='ltr'>vocabuntur,</span> 
     </span>
     <span class='ocr_line' id='line_1_7' title="bbox 68 1055 1108 1149; baseline 0.008 -29"><span class='ocrx_word' id='word_1_44' title='bbox 68 1055 113 1120; x_wconf 85' lang='lat' dir='ltr'>sed</span> <span class='ocrx_word' id='word_1_45' title='bbox 134 1058 230 1124; x_wconf 86' lang='lat' dir='ltr'>tutius</span> <span class='ocrx_word' id='word_1_46' title='bbox 257 1059 354 1123; x_wconf 84' lang='lat' dir='ltr'>etiam</span> <span class='ocrx_word' id='word_1_47' title='bbox 379 1073 412 1123; x_wconf 90' lang='lat' dir='ltr'>et</span> <span class='ocrx_word' id='word_1_48' title='bbox 437 1057 579 1144; x_wconf 87' lang='lat' dir='ltr'>firmius,</span> <span class='ocrx_word' id='word_1_49' title='bbox 606 1059 686 1148; x_wconf 91' lang='lat' dir='ltr'>quid</span> <span class='ocrx_word' id='word_1_50' title='bbox 700 1061 888 1149; x_wconf 73' lang='lat' dir='ltr'>nosmetipsi</span> <span class='ocrx_word' id='word_1_51' title='bbox 901 1060 1108 1128; x_wconf 82' lang='lat' dir='ltr'>statuendum</span> 
     </span>
     <span class='ocr_line' id='line_1_8' title="bbox 68 1163 487 1254; baseline 0.017 -31"><span class='ocrx_word' id='word_1_52' title='bbox 68 1177 215 1254; x_wconf 83' lang='lat' dir='ltr'>putemus,</span> <span class='ocrx_word' id='word_1_53' title='bbox 232 1163 350 1244; x_wconf 83' lang='lat' dir='ltr'>subjici</span> <span class='ocrx_word' id='word_1_54' title='bbox 367 1165 487 1230; x_wconf 81' lang='lat' dir='ltr'><strong>licebit.</strong></span> 
     </span>
    </p>

    <p class='ocr_par' dir='ltr' id='par_1_3' title="bbox 68 1267 1118 1990">
     <span class='ocr_line' id='line_1_9' title="bbox 102 1267 1107 1358; baseline 0.004 -26"><span class='ocrx_word' id='word_1_55' title='bbox 102 1267 220 1333; x_wconf 77' lang='lat' dir='ltr'>Miseret</span> <span class='ocrx_word' id='word_1_56' title='bbox 237 1269 338 1358; x_wconf 83' lang='lat' dir='ltr'>igitur</span> <span class='ocrx_word' id='word_1_57' title='bbox 360 1269 474 1334; x_wconf 87' lang='lat' dir='ltr'>Cicero</span> <span class='ocrx_word' id='word_1_58' title='bbox 491 1269 638 1356; x_wconf 79' lang='lat' dir='ltr'>priorum</span> <span class='ocrx_word' id='word_1_59' title='bbox 654 1269 940 1354; x_wconf 77' lang='lat' dir='ltr'>Academicorum,</span> <span class='ocrx_word' id='word_1_60' title='bbox 958 1273 980 1336; x_wconf 91' lang='lat' dir='ltr'>i.</span> <span class='ocrx_word' id='word_1_61' title='bbox 999 1295 1027 1336; x_wconf 86' lang='lat' dir='ltr'>e.</span> <span class='ocrx_word' id='word_1_62' title='bbox 1044 1273 1107 1336; x_wconf 79' lang='lat' dir='ltr'>Cu-</span> 
     </span>
     <span class='ocr_line' id='line_1_10' title="bbox 68 1373 1118 1466; baseline 0.005 -30"><span class='ocrx_word' id='word_1_63' title='bbox 68 1373 154 1436; x_wconf 81' lang='lat' dir='ltr'><strong>tulum</strong></span> <span class='ocrx_word' id='word_1_64' title='bbox 166 1389 197 1436; x_wconf 89' lang='lat' dir='ltr'>et</span> <span class='ocrx_word' id='word_1_65' title='bbox 206 1373 396 1455; x_wconf 83' lang='lat' dir='ltr'>Lucullum,</span> <span class='ocrx_word' id='word_1_66' title='bbox 407 1373 525 1453; x_wconf 88' lang='lat' dir='ltr'>libros,</span> <span class='ocrx_word' id='word_1_67' title='bbox 538 1373 579 1437; x_wconf 84' lang='lat' dir='ltr'>nd</span> <span class='ocrx_word' id='word_1_68' title='bbox 594 1375 757 1456; x_wconf 79' lang='lat' dir='ltr'>Atticum,</span> <span class='ocrx_word' id='word_1_69' title='bbox 770 1376 827 1462; x_wconf 88' lang='lat' dir='ltr'>qui</span> <span class='ocrx_word' id='word_1_70' title='bbox 836 1377 876 1439; x_wconf 87' lang='lat' dir='ltr'>ab</span> <span class='ocrx_word' id='word_1_71' title='bbox 888 1376 952 1440; x_wconf 86' lang='lat' dir='ltr'>hoc</span> <span class='ocrx_word' id='word_1_72' title='bbox 963 1376 1118 1466; x_wconf 75' lang='lat' dir='ltr'>depingi,</span> 
     </span>
     <span class='ocr_line' id='line_1_11' title="bbox 68 1475 1110 1569; baseline 0.007 -28"><span class='ocrx_word' id='word_1_73' title='bbox 68 1475 266 1568; x_wconf 79' lang='lat' dir='ltr'>dimlgnrique</span> <span class='ocrx_word' id='word_1_74' title='bbox 288 1491 506 1544; x_wconf 81' lang='lat' dir='ltr'>curarentur:</span> <span class='ocrx_word' id='word_1_75' title='bbox 533 1499 637 1565; x_wconf 88' lang='lat' dir='ltr'>quum</span> <span class='ocrx_word' id='word_1_76' title='bbox 661 1477 805 1554; x_wconf 74' lang='lat' dir='ltr'>Atticus,</span> <span class='ocrx_word' id='word_1_77' title='bbox 829 1479 939 1567; x_wconf 78' lang='lat' dir='ltr'>aliquo</span> <span class='ocrx_word' id='word_1_78' title='bbox 963 1496 1110 1569; x_wconf 86' lang='lat' dir='ltr'>tempore</span> 
     </span>
     <span class='ocr_line' id='line_1_12' title="bbox 69 1581 1110 1668; baseline 0.004 -22"><span class='ocrx_word' id='word_1_79' title='bbox 69 1599 139 1668; x_wconf 79' lang='lat' dir='ltr'>post,</span> <span class='ocrx_word' id='word_1_80' title='bbox 159 1583 245 1648; x_wconf 83' lang='lat' dir='ltr'>illum</span> <span class='ocrx_word' id='word_1_81' title='bbox 269 1600 436 1664; x_wconf 90' lang='lat' dir='ltr'>moneret,</span> <span class='ocrx_word' id='word_1_82' title='bbox 458 1594 598 1654; x_wconf 72' lang='grc' dir='ltr'><strong>ζηλοτυπιῑν</strong></span> <span class='ocrx_word' id='word_1_83' title='bbox 618 1581 815 1666; x_wconf 80' lang='lat' dir='ltr'>Varronem,</span> <span class='ocrx_word' id='word_1_84' title='bbox 839 1601 873 1648; x_wconf 85' lang='lat' dir='ltr'>et</span> <span class='ocrx_word' id='word_1_85' title='bbox 893 1582 1110 1650; x_wconf 80' lang='lat' dir='ltr'>desiderares</span> 
     </span>
     <span class='ocr_line' id='line_1_13' title="bbox 69 1687 1111 1778; baseline 0.005 -28"><span class='ocrx_word' id='word_1_86' title='bbox 69 1689 200 1753; x_wconf 82' lang='lat' dir='ltr'>Cicerone</span> <span class='ocrx_word' id='word_1_87' title='bbox 214 1689 337 1754; x_wconf 89' lang='lat' dir='ltr'>librum</span> <span class='ocrx_word' id='word_1_88' title='bbox 352 1711 391 1752; x_wconf 79' lang='lat' dir='ltr'>ex</span> <span class='ocrx_word' id='word_1_89' title='bbox 404 1687 461 1770; x_wconf 88' lang='lat' dir='ltr'>iis,</span> <span class='ocrx_word' id='word_1_90' title='bbox 480 1709 564 1775; x_wconf 88' lang='lat' dir='ltr'>quos</span> <span class='ocrx_word' id='word_1_91' title='bbox 582 1703 808 1777; x_wconf 82' lang='lat' dir='ltr'>componeret,</span> <span class='ocrx_word' id='word_1_92' title='bbox 824 1689 885 1776; x_wconf 88' lang='lat' dir='ltr'>ipsi</span> <span class='ocrx_word' id='word_1_93' title='bbox 900 1688 1111 1778; x_wconf 70' lang='lat' dir='ltr'>inscriptum,</span> 
     </span>
     <span class='ocr_line' id='line_1_14' title="bbox 69 1794 1114 1886; baseline 0 -26"><span class='ocrx_word' id='word_1_94' title='bbox 69 1797 235 1884; x_wconf 71' lang='lat' dir='ltr'>magnique,</span> <span class='ocrx_word' id='word_1_95' title='bbox 250 1795 287 1860; x_wconf 87' lang='lat' dir='ltr'>id</span> <span class='ocrx_word' id='word_1_96' title='bbox 301 1795 328 1859; x_wconf 92' lang='lat' dir='ltr'>si</span> <span class='ocrx_word' id='word_1_97' title='bbox 342 1795 473 1886; x_wconf 82' lang='lat' dir='ltr'>feccrit,</span> <span class='ocrx_word' id='word_1_98' title='bbox 488 1797 588 1859; x_wconf 89' lang='lat' dir='ltr'>istum</span> <span class='ocrx_word' id='word_1_99' title='bbox 603 1815 674 1859; x_wconf 87' lang='lat' dir='ltr'>csse</span> <span class='ocrx_word' id='word_1_100' title='bbox 688 1794 929 1859; x_wconf 67' lang='lat' dir='ltr'>{estimeturum</span> <span class='ocrx_word' id='word_1_101' title='bbox 947 1797 996 1860; x_wconf 80' lang='lat' dir='ltr'>CI.</span> <span class='ocrx_word' id='word_1_102' title='bbox 1010 1798 1114 1882; x_wconf 88' lang='lat' dir='ltr'>XIII,</span> 
     </span>
     <span class='ocr_line' id='line_1_15' title="bbox 68 1900 1108 1990; baseline 0.006 -28"><span class='ocrx_word' id='word_1_103' title='bbox 68 1921 177 1987; x_wconf 80' lang='lat' dir='ltr'>epm,</span> <span class='ocrx_word' id='word_1_104' title='bbox 197 1902 247 1966; x_wconf 86' lang='lat' dir='ltr'>cll.</span> <span class='ocrx_word' id='word_1_105' title='bbox 268 1901 328 1983; x_wconf 82' lang='lat'>13,</span> <span class='ocrx_word' id='word_1_106' title='bbox 354 1900 392 1966; x_wconf 84' lang='lat'>18</span> <span class='ocrx_word' id='word_1_107' title='bbox 413 1917 446 1965; x_wconf 87' lang='lat' dir='ltr'>et</span> <span class='ocrx_word' id='word_1_108' title='bbox 467 1923 516 1987; x_wconf 90' lang='lat'>19.</span> <span class='ocrx_word' id='word_1_109' title='bbox 540 1900 615 1983; x_wconf 82' lang='lat' dir='ltr'>Qun</span> <span class='ocrx_word' id='word_1_110' title='bbox 637 1921 672 1963; x_wconf 88' lang='lat' dir='ltr'>re</span> <span class='ocrx_word' id='word_1_111' title='bbox 692 1900 834 1988; x_wconf 79' lang='lat' dir='ltr'>cognitu,</span> <span class='ocrx_word' id='word_1_112' title='bbox 855 1900 986 1985; x_wconf 88' lang='lat' dir='ltr'>Cicero,</span> <span class='ocrx_word' id='word_1_113' title='bbox 1004 1923 1108 1990; x_wconf 89' lang='lat' dir='ltr'>quum</span> 
     </span>
    </p>
   </div>
   <div class='ocr_carea' id='block_1_3' title="bbox 69 2003 1228 2097">
    <p class='ocr_par' dir='ltr' id='par_1_4' title="bbox 69 2003 1228 2097">
     <span class='ocr_line' id='line_1_16' title="bbox 69 2003 1228 2097; baseline 0.007 -29"><span class='ocrx_word' id='word_1_114' title='bbox 69 2003 387 2088; x_wconf 83' lang='lat' dir='ltr'>IibrosdeFinibus,iu</span> <span class='ocrx_word' id='word_1_115' title='bbox 395 2005 514 2096; x_wconf 88' lang='lat' dir='ltr'>quibus</span> <span class='ocrx_word' id='word_1_116' title='bbox 526 2003 703 2070; x_wconf 79' lang='lat' dir='ltr'>scribendis</span> <span class='ocrx_word' id='word_1_117' title='bbox 717 2027 820 2092; x_wconf 86' lang='lat' dir='ltr'>quum</span> <span class='ocrx_word' id='word_1_118' title='bbox 828 2006 965 2070; x_wconf 78' lang='lat' dir='ltr'>maxime</span> <span class='ocrx_word' id='word_1_119' title='bbox 977 2023 1112 2097; x_wconf 64' lang='lat' dir='ltr'>occupet·</span> <span class='ocrx_word' id='word_1_120' title='bbox 1224 2061 1228 2076; x_wconf 93' lang='lat'><em>.</em></span> 
     </span>
    </p>
   </div>
   <div class='ocr_carea' id='block_1_4' title="bbox 67 2109 1150 4206">
    <p class='ocr_par' dir='ltr' id='par_1_5' title="bbox 67 2109 1150 4206">
     <span class='ocr_line' id='line_1_17' title="bbox 69 2109 1111 2202; baseline 0.005 -28"><span class='ocrx_word' id='word_1_121' title='bbox 69 2110 155 2192; x_wconf 77' lang='lat' dir='ltr'>betur,</span> <span class='ocrx_word' id='word_1_122' title='bbox 166 2113 312 2193; x_wconf 80' lang='lat' dir='ltr'>ejusdcm</span> <span class='ocrx_word' id='word_1_123' title='bbox 325 2112 425 2178; x_wconf 83' lang='lat' dir='ltr'>Attici</span> <span class='ocrx_word' id='word_1_124' title='bbox 434 2110 570 2177; x_wconf 85' lang='lat' dir='ltr'>consilio</span> <span class='ocrx_word' id='word_1_125' title='bbox 583 2112 684 2176; x_wconf 84' lang='lat' dir='ltr'>Bruto</span> <span class='ocrx_word' id='word_1_126' title='bbox 699 2109 939 2200; x_wconf 76' lang='lat' dir='ltr'>despondisset,</span> <span class='ocrx_word' id='word_1_127' title='bbox 950 2127 984 2177; x_wconf 91' lang='lat' dir='ltr'>et</span> <span class='ocrx_word' id='word_1_128' title='bbox 995 2137 1111 2202; x_wconf 81' lang='lat' dir='ltr'>purum</span> 
     </span>
     <span class='ocr_line' id='line_1_18' title="bbox 69 2215 1110 2314; baseline 0.009 -38"><span class='ocrx_word' id='word_1_129' title='bbox 69 2215 115 2303; x_wconf 86' lang='lat' dir='ltr'>ipsi</span> <span class='ocrx_word' id='word_1_130' title='bbox 127 2217 189 2282; x_wconf 77' lang='lat' dir='ltr'>hec</span> <span class='ocrx_word' id='word_1_131' title='bbox 200 2217 395 2284; x_wconf 72' lang='lat' dir='ltr'>Academico</span> <span class='ocrx_word' id='word_1_132' title='bbox 410 2218 647 2298; x_wconf 79' lang='lat' dir='ltr'>satisfacerent3</span> <span class='ocrx_word' id='word_1_133' title='bbox 662 2215 703 2280; x_wconf 82' lang='lat' dir='ltr'>ed</span> <span class='ocrx_word' id='word_1_134' title='bbox 719 2215 904 2306; x_wconf 71' lang='lat' dir='ltr'>mflngende</span> <span class='ocrx_word' id='word_1_135' title='bbox 918 2237 955 2283; x_wconf 81' lang='lat' dir='ltr'>eu</span> <span class='ocrx_word' id='word_1_136' title='bbox 965 2219 1110 2314; x_wconf 80' lang='lat' dir='ltr'>animum</span> 
     </span>
     <span class='ocr_line' id='line_1_19' title="bbox 69 2319 1110 2412; baseline 0.01 -31"><span class='ocrx_word' id='word_1_137' title='bbox 69 2319 102 2383; x_wconf 86' lang='lat' dir='ltr'>its</span> <span class='ocrx_word' id='word_1_138' title='bbox 111 2325 298 2412; x_wconf 59' lang='lat' dir='ltr'>appulit,*ut</span> <span class='ocrx_word' id='word_1_139' title='bbox 306 2323 460 2388; x_wconf 76' lang='lat' dir='ltr'>Varronis</span> <span class='ocrx_word' id='word_1_140' title='bbox 472 2340 609 2411; x_wconf 77' lang='lat' dir='ltr'>persone</span> <span class='ocrx_word' id='word_1_141' title='bbox 623 2344 737 2386; x_wconf 86' lang='lat' dir='ltr'>eorum</span> <span class='ocrx_word' id='word_1_142' title='bbox 749 2323 891 2386; x_wconf 88' lang='lat' dir='ltr'>sermoni</span> <span class='ocrx_word' id='word_1_143' title='bbox 903 2322 1110 2390; x_wconf 78' lang='lat' dir='ltr'>intexeretur.</span> 
     </span>
     <span class='ocr_line' id='line_1_20' title="bbox 69 2427 1109 2520; baseline 0.007 -31"><span class='ocrx_word' id='word_1_144' title='bbox 69 2427 106 2489; x_wconf 84' lang='lat' dir='ltr'>Cf.</span> <span class='ocrx_word' id='word_1_145' title='bbox 121 2428 211 2512; x_wconf 82' lang='lat' dir='ltr'>XIII,</span> <span class='ocrx_word' id='word_1_146' title='bbox 229 2453 285 2520; x_wconf 82' lang='lat' dir='ltr'>ep.</span> <span class='ocrx_word' id='word_1_147' title='bbox 306 2452 367 2494; x_wconf 75' lang='lat'>12:</span> <span class='ocrx_word' id='word_1_148' title='bbox 388 2429 498 2518; x_wconf 77' lang='lat' dir='ltr'>«Ergo</span> <span class='ocrx_word' id='word_1_149' title='bbox 513 2427 599 2492; x_wconf 81' lang='lat' dir='ltr'>illam</span> <span class='ocrx_word' id='word_1_150' title='bbox 616 2429 796 2508; x_wconf 58' lang='lat' dir='ltr'>nannet„</span> <span class='ocrx_word' id='word_1_151' title='bbox 812 2427 848 2491; x_wconf 90' lang='lat' dir='ltr'>in</span> <span class='ocrx_word' id='word_1_152' title='bbox 864 2449 929 2516; x_wconf 79' lang='lat' dir='ltr'>qut</span> <span class='ocrx_word' id='word_1_153' title='bbox 943 2430 1109 2515; x_wconf 88' lang='lat' dir='ltr'>homines,</span> 
     </span>
     <span class='ocr_line' id='line_1_21' title="bbox 69 2529 1112 2622; baseline 0.01 -30"><span class='ocrx_word' id='word_1_154' title='bbox 69 2531 171 2597; x_wconf 85' lang='lat' dir='ltr'>nobiles</span> <span class='ocrx_word' id='word_1_155' title='bbox 187 2535 233 2599; x_wconf 85' lang='lat' dir='ltr'>illi</span> <span class='ocrx_word' id='word_1_156' title='bbox 251 2531 404 2622; x_wconf 88' lang='lat' dir='ltr'>quidem,</span> <span class='ocrx_word' id='word_1_157' title='bbox 425 2532 482 2598; x_wconf 86' lang='lat' dir='ltr'>sed</span> <span class='ocrx_word' id='word_1_158' title='bbox 497 2532 587 2598; x_wconf 86' lang='lat' dir='ltr'>nullo</span> <span class='ocrx_word' id='word_1_159' title='bbox 604 2529 703 2596; x_wconf 91' lang='lat' dir='ltr'>modo</span> <span class='ocrx_word' id='word_1_160' title='bbox 718 2531 891 2622; x_wconf 78' lang='lat' dir='ltr'>philologi,</span> <span class='ocrx_word' id='word_1_161' title='bbox 908 2533 1003 2599; x_wconf 83' lang='lat' dir='ltr'>nimis</span> <span class='ocrx_word' id='word_1_162' title='bbox 1017 2541 1112 2602; x_wconf 77' lang='lat' dir='ltr'>acute</span> 
     </span>
     <span class='ocr_line' id='line_1_22' title="bbox 67 2635 1111 2724; baseline 0.009 -27"><span class='ocrx_word' id='word_1_163' title='bbox 67 2635 237 2724; x_wconf 81' lang='lat' dir='ltr'>loquuntur,</span> <span class='ocrx_word' id='word_1_164' title='bbox 247 2638 296 2704; x_wconf 79' lang='lat' dir='ltr'>ad</span> <span class='ocrx_word' id='word_1_165' title='bbox 304 2639 483 2704; x_wconf 81' lang='lat' dir='ltr'>Varronem</span> <span class='ocrx_word' id='word_1_166' title='bbox 494 2639 733 2704; x_wconf 62' lang='lat' dir='ltr'>transieramus.</span> <span class='ocrx_word' id='word_1_167' title='bbox 744 2637 872 2702; x_wconf 85' lang='lat' dir='ltr'>Etenim</span> <span class='ocrx_word' id='word_1_168' title='bbox 884 2655 962 2704; x_wconf 86' lang='lat' dir='ltr'>sunt</span> <span class='ocrx_word' id='word_1_169' title='bbox 970 2641 1111 2720; x_wconf 70' lang='grc' dir='ltr'>Ᾰντιόχιια,</span> 
     </span>
     <span class='ocr_line' id='line_1_23' title="bbox 70 2744 1111 2833; baseline 0.007 -27"><span class='ocrx_word' id='word_1_170' title='bbox 70 2763 126 2828; x_wconf 80' lang='lat' dir='ltr'>que</span> <span class='ocrx_word' id='word_1_171' title='bbox 141 2745 197 2810; x_wconf 87' lang='lat' dir='ltr'>iste</span> <span class='ocrx_word' id='word_1_172' title='bbox 210 2744 309 2811; x_wconf 78' lang='lat' dir='ltr'>valde</span> <span class='ocrx_word' id='word_1_173' title='bbox 326 2745 451 2833; x_wconf 87' lang='lat' dir='ltr'>probet.</span> <span class='ocrx_word' id='word_1_174' title='bbox 476 2747 591 2810; x_wconf 82' lang='lat' dir='ltr'>Catulo</span> <span class='ocrx_word' id='word_1_175' title='bbox 607 2761 640 2810; x_wconf 92' lang='lat' dir='ltr'>et</span> <span class='ocrx_word' id='word_1_176' title='bbox 653 2745 788 2809; x_wconf 78' lang='lat' dir='ltr'>Lucullo</span> <span class='ocrx_word' id='word_1_177' title='bbox 804 2745 878 2810; x_wconf 74' lang='lat' dir='ltr'>aubi</span> <span class='ocrx_word' id='word_1_178' title='bbox 897 2767 1111 2833; x_wconf 76' lang='lat' dir='ltr'>reponemust</span> 
     </span>
     <span class='ocr_line' id='line_1_24' title="bbox 69 2845 1150 2938; baseline 0.001 -30"><span class='ocrx_word' id='word_1_179' title='bbox 69 2845 102 2908; x_wconf 85' lang='lat' dir='ltr'>iu</span> <span class='ocrx_word' id='word_1_180' title='bbox 113 2863 228 2932; x_wconf 83' lang='lat' dir='ltr'>temen,</span> <span class='ocrx_word' id='word_1_181' title='bbox 241 2850 272 2914; x_wconf 88' lang='lat' dir='ltr'>si</span> <span class='ocrx_word' id='word_1_182' title='bbox 288 2865 326 2912; x_wconf 95' lang='lat' dir='ltr'>tu</span> <span class='ocrx_word' id='word_1_183' title='bbox 337 2850 400 2913; x_wconf 86' lang='lat' dir='ltr'>hoc</span> <span class='ocrx_word' id='word_1_184' title='bbox 412 2849 544 2938; x_wconf 58' lang='lat' dir='ltr'>probem</span> <span class='ocrx_word' id='word_1_185' title='bbox 558 2848 664 2936; x_wconf 86' lang='lat' dir='ltr'>deque</span> <span class='ocrx_word' id='word_1_186' title='bbox 674 2872 714 2913; x_wconf 87' lang='lat' dir='ltr'>eo</span> <span class='ocrx_word' id='word_1_187' title='bbox 726 2849 806 2912; x_wconf 88' lang='lat' dir='ltr'>mihi</span> <span class='ocrx_word' id='word_1_188' title='bbox 819 2849 974 2914; x_wconf 78' lang='lat' dir='ltr'>rescribes</span> <span class='ocrx_word' id='word_1_189' title='bbox 986 2851 1080 2914; x_wconf 84' lang='lat' dir='ltr'>velim</span> <span class='ocrx_word' id='word_1_190' title='bbox 1088 2881 1112 2918; x_wconf 74' lang='grc' dir='ltr'>ι.</span> <span class='ocrx_word' id='word_1_191' title='bbox 1149 2853 1150 2868; x_wconf 70' lang='grc'>’</span> 
     </span>
     <span class='ocr_line' id='line_1_25' title="bbox 69 2938 1114 3042; baseline 0.005 -26"><span class='ocrx_word' id='word_1_192' title='bbox 69 2949 143 3016; x_wconf 83' lang='lat' dir='ltr'>Idem</span> <span class='ocrx_word' id='word_1_193' title='bbox 163 2938 227 3022; x_wconf 81' lang='lat' dir='ltr'>ison</span> <span class='ocrx_word' id='word_1_194' title='bbox 253 2953 363 3020; x_wconf 87' lang='lat' dir='ltr'>multo</span> <span class='ocrx_word' id='word_1_195' title='bbox 382 2967 526 3042; x_wconf 87' lang='lat' dir='ltr'>tempore</span> <span class='ocrx_word' id='word_1_196' title='bbox 548 2969 640 3041; x_wconf 91' lang='lat' dir='ltr'>post,</span> <span class='ocrx_word' id='word_1_197' title='bbox 655 2975 704 3041; x_wconf 89' lang='lat' dir='ltr'>ep.</span> <span class='ocrx_word' id='word_1_198' title='bbox 727 2953 789 3018; x_wconf 77' lang='lat'>13:</span> <span class='ocrx_word' id='word_1_199' title='bbox 808 2981 821 3010; x_wconf 71' lang='lat' dir='ltr'>a</span> <span class='ocrx_word' id='word_1_200' title='bbox 840 2955 1032 3020; x_wconf 88' lang='lat' dir='ltr'>Commotus</span> <span class='ocrx_word' id='word_1_201' title='bbox 1052 2957 1114 3021; x_wconf 89' lang='lat' dir='ltr'>tuis</span> 
     </span>
     <span class='ocr_line' id='line_1_26' title="bbox 68 3054 1114 3152; baseline 0.007 -35"><span class='ocrx_word' id='word_1_202' title='bbox 68 3054 164 3140; x_wconf 84' lang='lat' dir='ltr'>literis,</span> <span class='ocrx_word' id='word_1_203' title='bbox 173 3059 264 3148; x_wconf 87' lang='lat' dir='ltr'>quod</span> <span class='ocrx_word' id='word_1_204' title='bbox 276 3057 321 3122; x_wconf 82' lang='lat' dir='ltr'>ad</span> <span class='ocrx_word' id='word_1_205' title='bbox 331 3080 385 3122; x_wconf 89' lang='lat' dir='ltr'>me</span> <span class='ocrx_word' id='word_1_206' title='bbox 396 3055 437 3122; x_wconf 93' lang='lat' dir='ltr'>de</span> <span class='ocrx_word' id='word_1_207' title='bbox 445 3058 590 3121; x_wconf 79' lang='lat' dir='ltr'>Varrone</span> <span class='ocrx_word' id='word_1_208' title='bbox 598 3057 783 3152; x_wconf 79' lang='lat' dir='ltr'>scripsetes,</span> <span class='ocrx_word' id='word_1_209' title='bbox 797 3073 896 3122; x_wconf 79' lang='lat' dir='ltr'>totam</span> <span class='ocrx_word' id='word_1_210' title='bbox 908 3059 1114 3130; x_wconf 75' lang='lat' dir='ltr'>Academiam</span> 
     </span>
     <span class='ocr_line' id='line_1_27' title="bbox 68 3160 1114 3248; baseline 0.005 -23"><span class='ocrx_word' id='word_1_211' title='bbox 68 3160 99 3224; x_wconf 82' lang='lat' dir='ltr'>ab</span> <span class='ocrx_word' id='word_1_212' title='bbox 113 3162 296 3231; x_wconf 88' lang='lat' dir='ltr'>homiuibus</span> <span class='ocrx_word' id='word_1_213' title='bbox 312 3162 519 3227; x_wconf 86' lang='lat' dir='ltr'>nobilissimis</span> <span class='ocrx_word' id='word_1_214' title='bbox 535 3161 1114 3248; x_wconf 84' lang='lat' dir='ltr'>abstuli,tmnstuliqueadnostrun1</span> 
     </span>
     <span class='ocr_line' id='line_1_28' title="bbox 68 3266 1114 3356; baseline 0.002 -22"><span class='ocrx_word' id='word_1_215' title='bbox 68 3267 208 3353; x_wconf 68' lang='lat' dir='ltr'>summ,</span> <span class='ocrx_word' id='word_1_216' title='bbox 222 3285 257 3336; x_wconf 89' lang='lat' dir='ltr'>et</span> <span class='ocrx_word' id='word_1_217' title='bbox 273 3291 315 3332; x_wconf 79' lang='lat' dir='ltr'>ex</span> <span class='ocrx_word' id='word_1_218' title='bbox 330 3266 459 3332; x_wconf 82' lang='lat' dir='ltr'>duobus</span> <span class='ocrx_word' id='word_1_219' title='bbox 472 3267 561 3332; x_wconf 84' lang='lat' dir='ltr'>libris</span> <span class='ocrx_word' id='word_1_220' title='bbox 573 3267 695 3332; x_wconf 89' lang='lat' dir='ltr'>contuli</span> <span class='ocrx_word' id='word_1_221' title='bbox 708 3267 742 3330; x_wconf 89' lang='lat' dir='ltr'>in</span> <span class='ocrx_word' id='word_1_222' title='bbox 759 3280 917 3353; x_wconf 83' lang='lat' dir='ltr'>quatuor:</span> <span class='ocrx_word' id='word_1_223' title='bbox 930 3268 1114 3356; x_wconf 79' lang='lat' dir='ltr'>gmndiores</span> 
     </span>
     <span class='ocr_line' id='line_1_29' title="bbox 68 3370 1113 3462; baseline 0.007 -28"><span class='ocrx_word' id='word_1_224' title='bbox 68 3389 132 3436; x_wconf 84' lang='lat' dir='ltr'>mot</span> <span class='ocrx_word' id='word_1_225' title='bbox 144 3377 298 3456; x_wconf 87' lang='lat' dir='ltr'>omnino,</span> <span class='ocrx_word' id='word_1_226' title='bbox 314 3391 412 3462; x_wconf 84' lang='lat' dir='ltr'>quam</span> <span class='ocrx_word' id='word_1_227' title='bbox 428 3389 520 3437; x_wconf 83' lang='lat' dir='ltr'>eraut</span> <span class='ocrx_word' id='word_1_228' title='bbox 533 3372 596 3454; x_wconf 69' lang='lat' dir='ltr'>itti,</span> <span class='ocrx_word' id='word_1_229' title='bbox 613 3370 669 3442; x_wconf 83' lang='lat' dir='ltr'>sed</span> <span class='ocrx_word' id='word_1_230' title='bbox 686 3388 793 3436; x_wconf 85' lang='lat' dir='ltr'>tamen</span> <span class='ocrx_word' id='word_1_231' title='bbox 811 3372 911 3436; x_wconf 86' lang='lat' dir='ltr'>multa</span> <span class='ocrx_word' id='word_1_232' title='bbox 929 3373 1113 3443; x_wconf 69' lang='lat' dir='ltr'>detractu...</span> 
     </span>
     <span class='ocr_line' id='line_1_30' title="bbox 69 3475 1116 3569; baseline 0.01 -31"><span class='ocrx_word' id='word_1_233' title='bbox 69 3475 141 3541; x_wconf 80' lang='lat' dir='ltr'>Iibti</span> <span class='ocrx_word' id='word_1_234' title='bbox 156 3481 292 3569; x_wconf 88' lang='lat' dir='ltr'>quidem</span> <span class='ocrx_word' id='word_1_235' title='bbox 308 3479 353 3543; x_wconf 73' lang='lat' dir='ltr'>ita</span> <span class='ocrx_word' id='word_1_236' title='bbox 369 3479 516 3544; x_wconf 77' lang='lat' dir='ltr'>exierunt</span> <span class='ocrx_word' id='word_1_237' title='bbox 532 3477 617 3563; x_wconf 91' lang='lat' dir='ltr'>(nisi</span> <span class='ocrx_word' id='word_1_238' title='bbox 634 3478 718 3544; x_wconf 81' lang='lat' dir='ltr'>forte</span> <span class='ocrx_word' id='word_1_239' title='bbox 735 3499 787 3542; x_wconf 91' lang='lat' dir='ltr'>me</span> <span class='ocrx_word' id='word_1_240' title='bbox 804 3481 986 3546; x_wconf 88' lang='lat' dir='ltr'>communis</span> <span class='ocrx_word' id='word_1_241' title='bbox 1002 3495 1116 3562; x_wconf 67' lang='lat' dir='ltr'>peeoris</span> 
     </span>
     <span class='ocr_line' id='line_1_31' title="bbox 69 3579 1116 3673; baseline 0.004 -24"><span class='ocrx_word' id='word_1_242' title='bbox 69 3579 172 3672; x_wconf 75' lang='lat' dir='ltr'>deripit</span> <span class='ocrx_word' id='word_1_243' title='bbox 183 3585 213 3672; x_wconf 83' lang='lat'>),</span> <span class='ocrx_word' id='word_1_244' title='bbox 231 3603 273 3652; x_wconf 85' lang='lat' dir='ltr'>ut</span> <span class='ocrx_word' id='word_1_245' title='bbox 292 3585 327 3648; x_wconf 91' lang='lat' dir='ltr'>in</span> <span class='ocrx_word' id='word_1_246' title='bbox 344 3584 398 3648; x_wconf 81' lang='lat' dir='ltr'>teli</span> <span class='ocrx_word' id='word_1_247' title='bbox 414 3605 533 3673; x_wconf 82' lang='lat' dir='ltr'>genere</span> <span class='ocrx_word' id='word_1_248' title='bbox 550 3605 592 3646; x_wconf 89' lang='lat' dir='ltr'>ne</span> <span class='ocrx_word' id='word_1_249' title='bbox 609 3582 695 3672; x_wconf 82' lang='lat' dir='ltr'>epud</span> <span class='ocrx_word' id='word_1_250' title='bbox 715 3581 844 3648; x_wconf 75' lang='lat' dir='ltr'>Graecos</span> <span class='ocrx_word' id='word_1_251' title='bbox 864 3583 996 3672; x_wconf 85' lang='lat' dir='ltr'>quidem</span> <span class='ocrx_word' id='word_1_252' title='bbox 1013 3589 1116 3654; x_wconf 85' lang='lat' dir='ltr'>simile</span> 
     </span>
     <span class='ocr_line' id='line_1_32' title="bbox 69 3687 1115 3778; baseline 0.005 -26"><span class='ocrx_word' id='word_1_253' title='bbox 69 3687 240 3777; x_wconf 74' lang='lat' dir='ltr'>quidquam.</span> <span class='ocrx_word' id='word_1_254' title='bbox 257 3691 315 3755; x_wconf 79' lang='lat' dir='ltr'>Tu</span> <span class='ocrx_word' id='word_1_255' title='bbox 327 3689 415 3752; x_wconf 79' lang='lat' dir='ltr'>illem</span> <span class='ocrx_word' id='word_1_256' title='bbox 426 3689 584 3768; x_wconf 77' lang='lat' dir='ltr'>jacturam</span> <span class='ocrx_word' id='word_1_257' title='bbox 597 3690 682 3752; x_wconf 85' lang='lat' dir='ltr'>feres</span> <span class='ocrx_word' id='word_1_258' title='bbox 693 3709 788 3775; x_wconf 81' lang='lat' dir='ltr'>usquo</span> <span class='ocrx_word' id='word_1_259' title='bbox 800 3689 926 3772; x_wconf 78' lang='lat' dir='ltr'>animo,</span> <span class='ocrx_word' id='word_1_260' title='bbox 944 3691 1034 3778; x_wconf 86' lang='lat' dir='ltr'>q&#39;uod</span> <span class='ocrx_word' id='word_1_261' title='bbox 1047 3692 1115 3777; x_wconf 73' lang='lat' dir='ltr'>itti,</span> 
     </span>
     <span class='ocr_line' id='line_1_33' title="bbox 69 3793 1116 3886; baseline 0.006 -29"><span class='ocrx_word' id='word_1_262' title='bbox 69 3795 230 3878; x_wconf 76' lang='lat' dir='ltr'>qnehsbes</span> <span class='ocrx_word' id='word_1_263' title='bbox 242 3797 288 3862; x_wconf 87' lang='lat' dir='ltr'>dc</span> <span class='ocrx_word' id='word_1_264' title='bbox 298 3794 496 3860; x_wconf 81' lang='lat' dir='ltr'>Academicis</span> <span class='ocrx_word' id='word_1_265' title='bbox 512 3794 577 3880; x_wconf 84' lang='lat' dir='ltr'>(sc.</span> <span class='ocrx_word' id='word_1_266' title='bbox 590 3793 810 3881; x_wconf 78' lang='lat' dir='ltr'>exemplaris),</span> <span class='ocrx_word' id='word_1_267' title='bbox 823 3794 941 3860; x_wconf 70' lang='lat' dir='ltr'>Frustra</span> <span class='ocrx_word' id='word_1_268' title='bbox 957 3795 1116 3886; x_wconf 75' lang='lat' dir='ltr'>descripta</span> 
     </span>
     <span class='ocr_line' id='line_1_34' title="bbox 69 3899 1122 3988; baseline 0.009 -31"><span class='ocrx_word' id='word_1_269' title='bbox 69 3916 153 3966; x_wconf 86' lang='lat' dir='ltr'>suut:</span> <span class='ocrx_word' id='word_1_270' title='bbox 171 3903 277 3968; x_wconf 89' lang='lat' dir='ltr'>multo</span> <span class='ocrx_word' id='word_1_271' title='bbox 296 3919 405 3967; x_wconf 74' lang='lat' dir='ltr'>umen</span> <span class='ocrx_word' id='word_1_272' title='bbox 424 3901 493 3964; x_wconf 81' lang='lat' dir='ltr'>haec</span> <span class='ocrx_word' id='word_1_273' title='bbox 510 3917 607 3964; x_wconf 86' lang='lat' dir='ltr'>erunt</span> <span class='ocrx_word' id='word_1_274' title='bbox 624 3899 856 3988; x_wconf 78' lang='lat' dir='ltr'>splendidiora,</span> <span class='ocrx_word' id='word_1_275' title='bbox 874 3901 1036 3984; x_wconf 87' lang='lat' dir='ltr'>breviora,</span> <span class='ocrx_word' id='word_1_276' title='bbox 1053 3923 1122 3967; x_wconf 86' lang='lat' dir='ltr'>me·¹</span> 
     </span>
     <span class='ocr_line' id='line_1_35' title="bbox 69 3999 1118 4096; baseline 0.008 -32"><span class='ocrx_word' id='word_1_277' title='bbox 69 3999 166 4070; x_wconf 70' lang='lat' dir='ltr'>lium.</span> <span class='ocrx_word' id='word_1_278' title='bbox 184 4008 352 4096; x_wconf 80' lang='lat' dir='ltr'>Descripta</span> <span class='ocrx_word' id='word_1_279' title='bbox 364 4005 431 4086; x_wconf 78' lang='lat' dir='ltr'>jem</span> <span class='ocrx_word' id='word_1_280' title='bbox 447 4005 566 4068; x_wconf 83' lang='lat' dir='ltr'>horum</span> <span class='ocrx_word' id='word_1_281' title='bbox 584 4003 628 4068; x_wconf 86' lang='lat' dir='ltr'>tv</span> <span class='ocrx_word' id='word_1_282' title='bbox 647 4004 803 4070; x_wconf 88' lang='lat' dir='ltr'>librorum</span> <span class='ocrx_word' id='word_1_283' title='bbox 821 4007 1010 4094; x_wconf 83' lang='lat' dir='ltr'>exempletia</span> <span class='ocrx_word' id='word_1_284' title='bbox 1028 4024 1118 4073; x_wconf 84' lang='lat' dir='ltr'>erent</span> 
     </span>
     <span class='ocr_line' id='line_1_36' title="bbox 69 4109 1120 4206; baseline 0.004 -32"><span class='ocrx_word' id='word_1_285' title='bbox 69 4127 111 4194; x_wconf 80' lang='lat' dir='ltr'>tp.</span> <span class='ocrx_word' id='word_1_286' title='bbox 123 4117 176 4189; x_wconf 72' lang='lat'>14:</span> <span class='ocrx_word' id='word_1_287' title='bbox 191 4112 300 4178; x_wconf 77' lang='lat' dir='ltr'>«Illud</span> <span class='ocrx_word' id='word_1_288' title='bbox 311 4113 410 4176; x_wconf 85' lang='lat' dir='ltr'>etiam</span> <span class='ocrx_word' id='word_1_289' title='bbox 420 4127 517 4196; x_wconf 84' lang='lat' dir='ltr'>etque</span> <span class='ocrx_word' id='word_1_290' title='bbox 529 4109 625 4174; x_wconf 83' lang='lat' dir='ltr'>etiam</span> <span class='ocrx_word' id='word_1_291' title='bbox 637 4109 820 4206; x_wconf 84' lang='lat' dir='ltr'>consideres</span> <span class='ocrx_word' id='word_1_292' title='bbox 833 4111 943 4193; x_wconf 81' lang='lat' dir='ltr'>velim,</span> <span class='ocrx_word' id='word_1_293' title='bbox 957 4112 1120 4197; x_wconf 75' lang='lat' dir='ltr'>placeatne</span> 
     </span>
    </p>
   </div>
   <div class='ocr_carea' id='block_1_5' title="bbox 952 4259 1012 4302">
    <p class='ocr_par' dir='ltr' id='par_1_6' title="bbox 952 4259 1012 4302">
     <span class='ocr_line' id='line_1_37' title="bbox 952 4259 1012 4302; baseline 0.033 -2"><span class='ocrx_word' id='word_1_294' title='bbox 952 4259 1012 4302; x_wconf 88' lang='lat' dir='ltr'>t..</span> 
     </span>
    </p>
   </div>
   <div class='ocr_carea' id='block_1_6' title="bbox 0 0 1396 4688">
    <p class='ocr_par' dir='ltr' id='par_1_7' title="bbox 0 0 1396 4688">
     <span class='ocr_line' id='line_1_38' title="bbox 0 0 1396 4688; baseline 0 0"><span class='ocrx_word' id='word_1_295' title='bbox 0 0 1396 4688; x_wconf 95' lang='lat' dir='ltr'> </span> 
     </span>
    </p>
   </div>
  </div>
 </body>
</html>
