2744 4684
247 405 318 492 466
604 401 950 470 tnotuuotussrta

245 547 391 616 tempore
403 538 437 588 et
452 522 513 587 hac
527 523 561 587 in
575 522 752 611 questione
764 521 826 610 (ad
837 543 970 584 morum
984 536 1092 585 autem
1106 518 1313 608 disciplinam

244 631 409 698 Paradoxa
417 653 483 694 non
496 630 602 693 minus
613 629 794 716 pertinent,
806 649 904 715 quam
915 626 1105 691 officiorum
1117 627 1314 714 praeceptio)

237 738 448 830 potissimum
464 735 606 817 Stoicos,
623 751 690 797 non
716 734 979 820 ut'interpretes3
996 732 1071 813 sed,
1090 747 1128 795 ut
1146 732 1312 813 solemus,

243 843 418 912 efontibus
432 863 548 907 eorum
558 889 568 923 ,
576 839 700 920 judicio
711 839 910 928 arbitrioque
918 855 1048 920 nostro,
1062 855 1314 926 quantumquo·

242 973 306 1041 que
323 948 423 1014 modo
441 945 621 1029 videbitur,
636 945 824 1010 hauriemus
832 976 855 1009 ι.
872 947 949 1009 Htec
963 944 1062 1034 igitur
1072 942 1244 1008 Paradoxa
1256 993 1265 1026 ,
1279 961 1314 1008 ut

241 1057 343 1123 stoice
368 1053 555 1144 appellavit,
579 1050 695 1116 ludens
730 1050 869 1131 conjecit
890 1049 924 1114 in
951 1071 1141 1114 communes
1165 1049 1313 1128 locos,e

243 1161 418 1248 multisque
436 1159 543 1245 aliq'ua
561 1157 672 1246 elegit,
688 1179 761 1245 ques
779 1155 806 1220 si
822 1177 898 1220 vere
913 1153 977 1218 dici
996 1155 1228 1242 persuasisset,
1242 1155 1313 1218 reli-

242 1291 306 1358 qua
320 1267 372 1331 his
391 1265 504 1330 similia
517 1263 608 1327 facile
623 1277 789 1350 perspecta
805 1260 1071 1327 concederentur.
1085 1259 1313 1348 Ordinemque

240 1374 274 1437 in
293 1373 344 1437 his
362 1370 535 1461 quemdam
551 1384 714 1432 servatum
728 1389 796 1431 esse
813 1384 954 1456 apparet.
964 1366 1047 1430 Nam
1064 1389 1136 1454 quae
1153 1367 1266 1454 primo
1281 1383 1313 1430 et

241 1477 386 1544 secundo
402 1478 474 1540 loco
491 1474 599 1562 posuit
613 1471 797 1554 Paradoaa,
813 1494 874 1559 pro
884 1470 1098 1534 fundamento
1110 1471 1311 1558 reliquarum

239 1583 382 1649 thesium
392 1581 575 1659 ,suttotius
585 1577 761 1666 disciplinae
776 1577 887 1642 haberi
903 1593 1056 1666 possunt,
1069 1600 1174 1665 quum
1183 1576 1221 1641 id
1231 1593 1313 1642 esset

241 1685 506 1766 constituendum
515 1734 525 1768 ,
533 1681 623 1774 quod
637 1682 678 1747 ad
690 1683 764 1747 berre
777 1683 926 1770 beateque
937 1681 1105 1746 vivendum
1118 1682 1197 1748 satis
1213 1699 1310 1747 esset:

242 1792 342 1882 idque
357 1803 392 1856 in
405 1791 600 1857 solooirtute
614 1804 773 1877 putarunt
791 1810 861 1852 esse
876 1787 986 1852 Stoici.

284 1901 372 1988 Ergo
390 1899 423 1961 in
435 1899 540 1986 prtino
555 1894 750 1976 Pumdoxo,
766 1915 869 1982 quum
886 1915 941 1976 ea,
956 1915 1027 1981 quoe
1043 1894 1142 1982 vulgo
1156 1908 1312 1981 expetun-

240 2023 295 2072 tur
313 2021 345 2068 et
359 2005 446 2067 bonu
462 2003 679 2091 appellantur,
698 2023 759 2063 nec
777 1999 926 2089 expleant
941 1997 1171 2087 cupiditatem,
1186 2015 1221 2063 et
1236 2023 1309 2063 cum

241 2109 398 2198 improbis
416 2110 481 2172 sint
498 2108 702 2186 communia,
719 2105 839 2169 Biantis
855 2104 1003 2193 exemplo
1024 2104 1175 2188 laudato,
1188 2135 1202 2161 ι
1222 2103 1311 2193 quod

240 2231 369 2278 rectum
386 2229 419 2278 et
435 2213 626 2292 honesturn,
643 2226 675 2275 et
692 2232 767 2274 curn
782 2210 902 2274 virtute
920 2210 978 2292 sit,
995 2207 1028 2272 id
1042 2208 1148 2274 solum
1167 2231 1238 2274 esse
1250 2211 1310 2274 bo·

241 2340 345 2382 num»
364 2316 548 2404 definit(1)
565 2318 642 2380 Haec
662 2337 731 2402 cap.
750 2315 941 2402 a'exemplis
958 2315 1095 2379 illustrat
1111 2315 1308 2381 domesticis.

239 2417 389 2504 Denique
402 2439 471 2504 cap.
485 2415 652 2481 3externis
661 2417 760 2483 rebus
770 2418 982 2505 contemptis,
994 2416 1095 2505 ipsam
1106 2418 1309 2506 voluptatem
1360 2421 1361 2426 ’

240 2523 417 2588 bestiarum
439 2521 525 2586 illam
550 2521 682 2610 quidem
704 2545 933 2605 communem,
950 2522 1040 2612 quod
1058 2543 1119 2588 nec
1141 2525 1309 2590 meliorem

240 2629 333 2694 saciat
356 2627 543 2714 hominem,
563 2651 624 2693 nec
645 2629 838 2718 gloriatione
853 2627 949 2717 digna
966 2629 1025 2706 sit,
1041 2629 1075 2693 in
1100 2629 1200 2694 rebus
1216 2631 1308 2695 bonis

273 2793 312 2862 (r)
324 2793 399 2846 «Hoc
413 2811 487 2858 vero,
498 2807 526 2846 ut
538 2793 677 2848 Scbiitzius
687 2794 722 2847 ait
732 2794 757 2847 in
770 2795 876 2866 Proleg.
887 2809 925 2848 est
937 2806 1043 2866 optare,
1056 2815 1110 2849 non
1120 2795 1228 2850 docere.
1238 2797 1307 2850 Nihil

237 2875 308 2931 enim
321 2875 449 2940 affertur,
469 2895 551 2948 equo
571 2879 694 2942 eluceat,
711 2876 738 2930 id
750 2877 894 2930 honestum
915 2897 971 2932 esse
991 2879 1077 2932 solum
1098 2880 1212 2934 bonum.
1225 2907 1237 2926 a
1258 2881 1306 2933 Sed
1360 2913 1361 2936 ι

237 2957 358 3013 eamdem
377 2959 432 3013 lere
445 2957 597 3032 disputandi
612 2961 741 3015 rationem
755 2963 820 3015 Cato
832 2961 952 3034 sequitur
965 2962 999 3016 de
1011 2963 1068 3016 Fin.
1080 2964 1138 3027 111,
1157 2983 1193 3032 7,
1209 2969 1304 3034 ati-29,
1360 3005 1361 3008 η

237 3043 393 3115 interposito
407 3041 516 3114 quidem
530 3063 580 3110 eo,
593 3043 666 3116 qnod
681 3043 745 3098 dicit
756 3042 890 3098 laudabile
900 3049 934 3114 ,s
949 3063 994 3117 η,
1013 3047 1176 3118 quibuscum
1198 3049 1305 3114 confer,

238 3146 298 3198 quaa
318 3127 430 3192 Cicero,
453 3140 598 3200 postquam
617 3126 766 3182 Stoicorum
786 3127 991 3182 inconstantiam
1005 3129 1116 3182 miratus
1134 3142 1191 3193 est,
1215 3129 1304 3202 quod,

234 3229 317 3282 quum
331 3209 365 3264 ad
378 3229 512 3264 summum
522 3213 626 3264 bonum
636 3212 719 3266 velint
729 3213 880 3284 pervenire,
890 3213 1041 3266 transiliant
1050 3215 1152 3276 omnia,
1162 3215 1304 3286 respondet

232 3293 298 3346 ibid.
310 3293 362 3358 IV,
373 3293 413 3356 15,
425 3301 459 3358 lo
470 3311 477 3346 ι
489 3319 500 3342 ι
512 3293 654 3347 Introduci
669 3294 740 3347 enim
753 3295 836 3348 virtus
850 3295 924 3348 nullo
938 3293 1018 3349 modo
1031 3309 1129 3369 potest,
1138 3297 1193 3350 nisi
1205 3299 1304 3360 omnia,

233 3395 293 3450 quse
309 3376 392 3445 leget,
413 3395 525 3450 qunque
544 3377 665 3452 rejiciet,
684 3395 765 3430 unam
784 3379 936 3433 reserantur
954 3379 989 3432 ad
1007 3397 1173 3433 summam...
1192 3383 1305 3447 Quasiu

234 3459 306 3512 enim
320 3459 405 3512 virtus
419 3471 475 3526 est,
491 3479 547 3515 non
565 3478 624 3532 quse
644 3460 804 3534 relinqueret
823 3473 961 3522 naturam,
978 3461 1025 3515 sed
1046 3481 1105 3533 que
1125 3473 1258 3516 tueretur.
1273 3465 1303 3514 At

234 3543 293 3605 illa,
308 3553 339 3594 nt
355 3542 430 3595 vobis
441 3544 545 3614 placet,
560 3556 663 3615 partem
676 3544 818 3616 quamdam
833 3557 932 3610 tuetur,
945 3545 1078 3616 reliquam
1090 3545 1191 3598 deserit
1202 3573 1224 3600 ι.
1237 3547 1304 3599 Turn

236 3643 295 3697 cop.
317 3641 357 3696 17,
371 3628 403 3688 46
416 3641 423 3677 t
437 3627 533 3681 «vobis
549 3639 658 3692 autem,
680 3627 777 3698 quibus
799 3627 868 3680 nihil
887 3639 925 3682 est
947 3627 1020 3682 aliud
1044 3629 1236 3700 prepositum,
1256 3630 1302 3682 niti

236 3720 352 3772 rectum,
363 3719 441 3780 atque
454 3709 606 3773 honestum,
616 3710 691 3764 unde
702 3709 800 3773 oflicii,
812 3710 883 3764 unde
892 3711 989 3782 agendi
1001 3710 1165 3784 principium
1174 3724 1304 3774 nascetur.

235 3813 291 3848 non
304 3791 440 3864 reperietis
450 3815 473 3845 a.
488 3793 562 3848 Illud
576 3806 665 3848 autem
679 3795 760 3848 breve
772 3813 819 3848 seu
837 3797 1029 3850 consectarium
1046 3813 1127 3867 supra
1143 3815 1303 3850 commemo·

233 3891 318 3932 ratum
336 3876 431 3929 refellit
447 3877 541 3930 Cicero
557 3878 658 3933 ibidem
673 3897 729 3950 cap.
747 3883 795 3946 18,
818 3879 865 3932 ubi
886 3881 1013 3935 Catonem
1027 3879 1093 3934 dicit
1104 3899 1225 3944 sumere,
1248 3899 1303 3953 que

232 3959 344 4015 concedi
356 3977 411 4014 non
425 3960 541 4030 possint,
557 3963 660 4016 bouum
671 3981 750 4017 omne
761 3983 817 4018 ease
833 3963 967 4019 laudabile
979 3983 986 4019 ε
998 3983 1060 4018 nam
1077 3965 1147 4020 vires
1160 4002 1169 4028 ‚
1182 3964 1303 4026 divitias,
1360 4027 1361 4036 ,

233 4044 360 4179 {imim'
383 4044 467 4096 multa
487 4041 558 4107 alia,
579 4045 650 4099 bona
669 4064 726 4100 esse
746 4045 836 4102 dicere
854 4047 1058 4122 Peripateticos,
1078 4047 1229 4104 laudabilia
1251 4066 1304 4104 non
1360 4127 1361 4130 Ἴ

254 4145 329 4178 ΙθθΙἚ.
