2770 4688
260 387 309 462 60
629 389 963 464 mmonucrlo.

178 513 181 522 '
260 527 390 600 potest,
414 525 471 578 aut
484 533 597 578 terum
615 511 728 580 baberi
747 510 844 578 debet
865 524 1000 602 :potest
1018 523 1129 576 tamen
1149 512 1317 577 verum'vi·
1364 515 1365 584 ἒ

261 615 350 701 deri,
374 632 407 683 et
428 617 594 707 probabile
613 618 761 700 judicari.
780 617 866 701 Quia
875 616 1040 707 probandi
1058 617 1178 704 speeies
1192 627 1245 682 est'
1261 617 1318 703 (ait
1364 643 1365 678 ς

260 722 374 788 Cicero
388 721 479 811 (1)),
496 723 697 812 percipiendi
711 725 837 812 sagrnum
857 722 986 790 nullum
1013 721 1165 788 babemus
1182 745 1194 786 .·
1212 721 1317 802 idest,
1364 723 1365 772 ἲ

261 829 350 894 nulla
366 830 526 920 prae'cipua
536 845 614 895 nom
624 830 766 920 insignes
782 853 864 896 rerae
876 828 1051 920 phantasiae
1061 827 1188 893 animos
1202 843 1318 892 nostros
1364 913 1365 916 Ἴ

259 933 507 1024 ingrediuntur,
523 951 561 1000 ut
578 958 615 1000 ea
629 935 735 1001 statim
756 935 996 1017 animadversa,
1020 934 1098 1000 Hoec
1120 957 1203 998 vcro
1223 934 1365 1022 piton-1

260 1041 344 1104 tostis
361 1037 432 1124 est,
450 1040 557 1107 dicere
574 1041 735 1130 possimus
750 1051 880 1109 :tamen
892 1043 1006 1130 aliquae
1022 1040 1198 1130 phantastice
1213 1039 1256 1104 ita
1269 1060 1321 1102 nos

261 1153 487 1230 commovent,
504 1149 614 1235 itaque
629 1169 704 1237 erga
722 1147 790 1214 illas
807 1146 984 1232 afficimur,
1001 1162 1040 1211 ut
1054 1169 1124 1218 sese
1144 1145 1321 1233 uobis'pr'o-
1364 1129 1365 1212 J

247 1249 342 1315 ‘bent
356 1275 393 1318 ac
415 1253 515 1343 magis
537 1276 621 1318 verse
637 1253 839 1335 judicentur.
859 1255 902 1320 Iis
928 1252 1174 1344 probabilibus,
1200 1251 1322 1340 qttando

259 1357 342 1422 veris
353 1374 387 1424 et
398 1361 556 1449 perceptis
568 1382 732 1444 caremus,
748 1361 781 1426 i'n
790 1351 1075 1439 ‘mduoendsvita
1088 1359 1138 1422 uti
1148 1357 1323 1448 oportebit,
1364 1403 1365 1416 ,

261 1483 304 1526 ne
322 1463 406 1528 nihil
419 1487 562 1555 agemus.
580 1466 631 1533 Ad
654 1466 808 1532 eumdem
821 1467 918 1532 etiam
930 1464 1068 1532 modum
1081 1463 1122 1530 de
1139 1448 1322 1528 notionibus
1364 1491 1365 1522 1

261 1565 483 1660 decretisque,
502 1588 535 1637 et
552 1571 720 1656 omnibus,
745 1571 818 1660 quae
842 1570 883 1636 de
907 1563 1256 1660 rebus'intelliguntur
1275 1584 1324 1634 aut
1364 1567 1365 1570 ’

261 1678 494 1762 enuntiantur,
515 1693 564 1744 est
573 1677 803 1762 statuendum,
826 1695 864 1744 ut
888 1679 971 1744 nihil
994 1679 1115 1743 horum
1140 1687 1323 1769 perceptum
1364 1699 1365 1746 3

260 1796 318 1846 aut
326 1785 614 1872 comprehensum,
626 1782 660 1848 id
673 1798 738 1862 est,
749 1784 929 1872 'plusquam
942 1782 1109 1871 probabile
1118 1781 1323 1846 existimetur.
1364 1849 1365 1856 χ

260 1887 342 1976 Hoec
351 1891 567 1956 estuniversoe
584 1888 782 1956 Cameadaeae
799 1890 965 1954 sententiar
981 1889 1056 1954 satis
1068 1879 1324 1976 apertasumma.

260 1992 325 2060 Sed
350 1993 494 2059 iteranda
520 1993 633 2060 eadem
655 1995 715 2060 ista
740 1981 819 2085 surii
842 1993 1006 2059 dialectice
1029 1993 1130 2082 magis
1153 2007 1187 2057 et
1202 1993 1248 2056 'ad
1271 1991 1325 2056 do·
1364 2021 1365 2050 ;

260 2097 397 2162 ctrinam
413 2099 707 2166 accommodatione
723 2101 849 2166 ratione
864 2097 975 2166 :valde
988 2099 1076 2163 enim
1084 2098 1209 2186 percipi
1218 2091 1324 2178 velim,

261 2225 327 2292 qua
349 2204 474 2269 ratione
490 2204 584 2272 Nilu'l
587 2207 714 2308 percipi
729 2227 814 2270 nora
828 2203 1000 2270 Academia
1015 2203 1188 2293 probet'la'c
1204 2203 1328 2268 decreto

263 2323 385 2374 utatur.
997 2327 1009 2344 ·
1110 2371 1114 2378 ,
1153 2321 1155 2328 ·
1364 2387 1365 2390 ¹

305 2411 360 2480 35.
382 2415 445 2480 Res
473 2438 532 2480 sua
554 2432 669 2484 natura
691 2433 790 2501 sunt,
815 2435 954 2506 suaque,
983 2433 1023 2483 ut
1044 2417 1166 2499 aiunt,
1194 2416 1329 2482 essentia
1364 2417 1365 2420 ’

262 2507 432 2603 constant,
450 2543 511 2586 nec
526 2545 586 2611 per
604 2539 736 2590 easstat
753 2525 930 2613 quominus
946 2523 1176 2614 percipiantur.
1192 2521 1257 2588 Sed
1273 2522 1330 2586 ho·

260 2628 403 2694 minibus
418 2629 546 2694 nullum
561 2629 726 2720 integrum
738 2631 899 2714 judicium
917 2645 974 2696 aut
992 2628 1149 2694 idon'eum
1166 2625 1331 2709 judicandi

259 2734 516 2803 instrumentum
540 2759 560 2802 a
590 2753 706 2803 natura
726 2754 776 2804 est
797 2759 1000 2802 concessum.
1026 2737 1103 2802 Non
1132 2736 1329 2810 emanso,

261 2841 338 2928 quia
358 2843 466 2908 fallere
490 2858 599 2931 potest
615 2859 648 2908 et
670 2845 865 2932 plerumque
892 2844 974 2908 solet
999 2835 1102 2908 :fron
1128 2841 1242 2926 Mens,
1259 2842 1330 2932 quia

260 2947 436 3035 phantasiis
448 2949 569 3032 utitur,
583 2949 729 3038 nihilque
744 2950 813 3014 sine
828 2949 891 3014 illis
905 2938 1053 3040 excipere
1066 2949 1330 3037 aut'agerevalet.
1364 3005 1365 3008 ,

259 3052 344 3118 Nam
363 3053 511 3136 Non'tioe,
535 3055 762 3144 Prolepsssque
785 3057 944 3121 universas
962 3049 1204 3144 =tii-'phantasiis
1223 3071 1331 3120 ortum

261 3158 405 3243 habent,
426 3183 466 3226 ex
481 3161 531 3228 his
549 3178 582 3227 et
605 3184 770 3228 sermones
788 3179 867 3228 sunt
883 3179 916 3228 et
933 3161 1234 3258 argumentationes
1255 3184 1332 3228 con·

261 3281 369 3330 stant:
386 3267 457 3355 ipsa
471 3267 645 3334 Dialectice
654 3317 665 3350 ‚
686 3271 778 3351 cujus
793 3269 896 3335 ductu
912 3285 945 3333 et
956 3291 1056 3358 opera
1072 3267 1332 3333 ratiocinationes

198 3425 200 3428 .
262 3372 520 3460 compinguntur
532 3391 631 3463 atque
641 3374 840 3457 judicantur,
848 3375 972 3440 lubrica
983 3390 1033 3439 eat
1048 3395 1086 3438 ac
1099 3373 1211 3455 fallax,
1221 3390 1262 3438 ut
1276 3396 1334 3438 nee

187 3501 194 3510 ·
262 3474 414 3560 decretis,
427 3500 499 3565 quoe
511 3479 700 3560 hujusmodi
713 3481 894 3546 rationibus
907 3481 1069 3563 nituntur,
1080 3479 1222 3544 nimium
1235 3479 1333 3545 fidere
1364 3543 1365 3546 ,

149 3629 155 3644 ,
262 3581 451 3648 debeamus.
467 3583 520 3650 Sic
533 3587 663 3675 itaque,
676 3587 883 3676 percipientis
902 3587 1048 3672 radone,
1066 3586 1101 3652 id
1112 3602 1175 3668 est,
1189 3585 1334 3652 hominis

217 3761 221 3768 ,
265 3687 388 3780 dequo
404 3713 509 3778 quum
528 3690 569 3756 de
581 3691 900 3782 comprehendendo
917 3694 1039 3784 agitur,
1058 3715 1165 3758 sermo
1181 3709 1247 3776 est,
1263 3715 1335 3757 om·

263 3795 317 3859 nia
334 3807 403 3874 esse
419 3791 762 3885 incomprehensibilia
774 3798 947 3866 Carneadis
963 3799 1123 3864 sententia
1136 3797 1217 3881 fuit,
1231 3822 1334 3886 quum

263 3900 419 3966 Arcesilas
431 3899 503 3988 (uti
515 3903 730 4002 arbitramur)
741 3928 792 3971 res
809 3906 904 3972 etiam
921 3906 1005 3995 ipsas
1019 3927 1087 3971 non
1103 3920 1194 3970 extra
1205 3905 1334 3994 culpam

266 4183 269 4188 ¹
301 4123 342 4192 (1)
360 4130 390 4176 In
405 4129 518 4192 Lucullo,
537 4133 643 4196 capu.
