2716 4686
287 388 325 462 P.
351 389 595 470 mmm,
613 393 893 467 ACADEMICA.
1079 389 1126 470 83

83 517 165 604 ipcm
176 513 381 596 describens,
394 532 481 582 certe
493 515 739 595 commendans,
754 518 940 608 subjungit:
951 519 1050 585 «Non
1062 537 1128 606 est,

81 645 144 711 ergo
158 620 265 688 fabula
280 619 428 687 doctrina
444 621 485 688 de
498 623 647 712 Epoche,
666 645 774 712 neque
785 625 970 712 procacium
983 649 1020 691 ac
1030 642 1131 693 teme·

79 729 221 794 rariorum
240 726 496 794 adolescentium
514 731 710 818 aucupium,
730 747 768 794 ut
784 731 960 796 arbitratur
977 733 1128 820 Colotes;
1210 734 1215 744 ⁴

78 833 124 900 scd
139 835 268 900 habitus
286 833 482 912 etuiiectio
493 835 661 917 virorum,
688 857 762 923 quaa
785 848 988 904 constantem
1014 841 1131 906 mentis
1235 893 1241 908 .

77 955 183 1006 statum
198 963 217 1006 a
234 933 328 1029 lapsu
344 939 461 1006 ,liberat
483 955 581 1028 atque
608 957 803 1023 conservat,
827 965 935 1031 neque
959 943 1133 1011 Mamaos

76 1046 146 1112 adeo
158 1045 306 1112 sensibus
321 1064 355 1112 et
365 1047 627 1112 inconstantibus
639 1047 800 1129 judicium
816 1051 1007 1137 permissio:

114 1152 161 1242 59.
177 1154 316 1244 Qualem
334 1175 412 1218 vero
434 1153 580 1243 corporis
598 1169 726 1245 gestum
744 1171 803 1220 aut
819 1156 982 1222 actionem
1000 1159 1134 1246 Epoehc

76 1263 225 1328 inanimo
248 1263 410 1345 imitetur,
430 1264 642 1353 explicaverat
659 1265 775 1330 Cicero
797 1265 908 1354 aliquo
927 1265 1136 1330 Academica·

77 1393 136 1434 rum
156 1371 379 1460 quaestionum,
406 1371 464 1459 qui
490 1393 558 1436 non
580 1387 701 1452 exstat,
717 1370 818 1452 libro,
849 1372 911 1438 illis
930 1371 1036 1436 verbis
1062 1391 1135 1460 qum

76 1477 183 1566 ipsein
209 1476 351 1566 quadarn
368 1476 410 1542 ad
427 1477 571 1543 Atticum
592 1477 726 1566 epistola
748 1476 795 1566 (r)
811 1478 911 1543 refert
937 1501 945 1542 ε
972 1505 986 1534 s
999 1477 1069 1554 Nec
1087 1493 1137 1542 est

77 1582 178 1648 meiius
190 1581 392 1673 quidquam,
406 1606 523 1686 quam,
537 1599 576 1647 ut
587 1582 748 1667 Lucilius,

169 1770 293 1819 Sustinent
305 1784 417 1830 currum,
431 1777 459 1815 nt
470 1768 622 1834 bonn'saepe
636 1768 750 1832 agitator,
765 1783 910 1832 equosqns;

78 1945 257 2014 semperque
272 1922 454 1988 Carneades
478 1929 598 2004 προὸολὴν
621 1921 755 2012 pugilis,
780 1937 812 1986 et
834 1923 1050 1989 retentionem
1076 1947 1136 1990 au·

80 2031 304 2120 rigae,similcm
316 2030 392 2095 facit
407 2043 485 2113 ἐποχῇ
494 2060 518 2094 ι.
535 2027 742 2119 Significabat
756 2049 834 2118 ergo
851 2051 890 2094 eo
905 2051 940 2094 se
958 2027 1058 2095 modo
1072 2031 1139 2096 ani·

77 2159 156 2202 mum
180 2139 214 2202 in
230 2135 404 2202 retinendo
423 2157 556 2200 assensu
579 2134 713 2216 habere,
730 2155 797 2221 quo
819 2135 928 2224 pugil,
954 2158 1057 2223 quum
1075 2158 1139 2225 pu·

78 2265 167 2332 gnum
191 2244 284 2334 quasi
305 2242 460 2308 feriturus
482 2241 642 2323 intentat,
663 2263 723 2304 nec
744 2241 818 2306 ferit
842 2255 969 2326 tamem
993 2260 1051 2308 aut
1070 2267 1138 2333 quo

77 2354 173 2442 auriga
179 2402 189 2436 ‚
209 2375 314 2441 quum
332 2365 541 2438 erumpentes
560 2351 662 2438 equos
678 2347 815 2413 habenis
828 2350 962 2433 retinet,
980 2369 1041 2416 nec
1055 2375 1138 2440 prae·

76 2459 175 2549 dpites
191 2459 268 2525 ferri
287 2457 374 2522 sinit.

111 2565 298 2632 (inviarum
312 2561 495 2642 enimvero,
506 2582 574 2624 non
588 2558 907 2648 quod'assensionem
920 2561 954 2624 in
967 2562 1137 2647 omnibus,

75 2695 138 2760 que
149 2674 183 2736 in
198 2669 453 2760 disputationem
465 2666 617 2747 veniunt,
632 2665 816 2730 Academici
827 2667 1050 2750 continerent,
1064 2669 1139 2736 ideo

75 2777 190 2843 desides
210 2778 284 2842 ilios
308 2791 406 2864 atque
429 2773 551 2838 otiosos
578 2771 723 2860 accipere
748 2771 921 2860 quisquam
940 2770 1037 2837 debet
1053 2797 1061 2838 :
1080 2775 1139 2863 qui

76 2885 197 2972 quidem
208 2881 481 2974 philosophorum
491 2878 640 2943 omnium
649 2877 1141 2968 laboriosissimi,ver·iqueinre-

76 2991 176 3055 aiendi
183 2984 412 3054 studiosissimi
421 2983 571 3065 fuerunt,
588 2981 681 3063 cujus
690 2981 882 3070 assequendi
895 3006 989 3048 causa
997 2982 1139 3050 arduum

76 3095 161 3160 nimis
170 3111 204 3160 et
210 3091 343 3158 difficile
349 3113 432 3180 opus
440 3088 501 3154 sibi
508 3109 717 3179 proposuere.
726 3087 902 3151 «Omnium
914 3090 971 3176 qui
978 3091 1138 3178 umquani

76 3201 200 3267 inerunt
220 3197 514 3291 philosophorum,
536 3195 571 3258 in
588 3195 680 3258 omni
699 3193 913 3282 philosophiae
930 3211 1039 3283 parte,
1064 3219 1139 3261 sen·

76 3308 180 3374 tentias
209 3305 418 3397 perquirere,
445 3300 588 3366 ediscere
614 3317 647 3364 et
672 3299 830 3364 memoria
852 3305 981 3384 tenete,
1000 3325 1139 3391 quaeque

76 3414 125 3479 alia
143 3413 293 3480 nondum
307 3412 438 3476 inventa
449 3409 530 3473 circa
545 3407 693 3471 eamdem
707 3405 920 3494 quaestionem
936 3409 1140 3476 comminisci

77 3518 216 3610 dogmata
229 3532 380 3609 possent,
393 3513 525 3606 ingenio
541 3513 752 3602 pervestigata
768 3513 801 3576 in
820 3511 964 3578 medium
978 3514 1140 3582 adducere

78 3641 106 3689 et
119 3646 324 3716 proponere3
349 3638 448 3709 atque
461 3641 523 3709 pro
546 3619 700 3684 omnibus
719 3618 757 3683 iis
773 3619 940 3684 sententiis
960 3637 1140 3710 contraque

78 3753 181 3798 omnes
197 3733 305 3798 dicere
317 3761 341 3794 ι.
358 3729 430 3793 Ηοο
444 3741 553 3792 autem
568 3726 732 3815 optimum
751 3724 889 3790 docendi
908 3748 1011 3816 genus
1028 3729 1138 3793 existi·

80 3839 219 3905 mabam:
234 3840 281 3904 sic
298 3835 389 3902 enim
407 3832 560 3898 omnibns
570 3831 718 3896 omnium
728 3833 897 3897 sententiis
910 3833 1097 3899 examinatis
1106 3850 1140 3898 et

80 3944 230 4010 rationum
245 3939 422 4010 momentis
434 3939 556 4005 libratis
571 3953 670 4025 atque
681 3937 866 4026 pensitatis,
884 3961 989 4026 quum
1006 3937 1140 4026 quidem

111 4119 145 4192 (r)
156 4125 231 4190 Epist.
239 4122 273 4172 ad
285 4121 410 4177 Atticum,
421 4118 467 4167 tit.
481 4118 562 4180 xm,
574 4131 614 4181 ep.
625 4129 669 4165 as.

982 4197 1016 4268 6.
