2762 4682
246 421 311 468 roa
606 397 935 469 INTRODUC‘HO.

241 518 398 608 imagines
415 520 498 600 sint,
512 515 663 596 effluere,
680 535 779 608 atque
788 519 850 585 hac
859 519 932 584 illac
940 517 1116 607 pervagari.
1126 522 1228 583 mista
1239 519 1321 588 hnc

240 643 374 708 vocant,
389 623 501 707 idest,
520 636 693 714 spectra'et
708 625 848 716 efligies,
865 625 951 705 sire,
978 637 1017 687 ut
1033 625 1222 708 Lucretius,
1237 628 1318 714 effi-

238 735 325 820 gr'es,
341 732 408 796 sire
422 735 536 820 species
553 755 565 794 .·
589 753 731 819 namque
748 749 781 796 et
796 732 854 796 has
872 749 1042 819 corporeus
1059 729 1100 794 ab
1117 730 1195 819 ipsis
1211 732 1319 796 indu-

242 855 329 920 ctas,
349 837 491 902 Galenus
505 836 642 924 scripsit.
661 836 788 903 Odones
805 838 902 902 etiarn
914 857 1112 924 separesque
1127 852 1161 900 et
1177 859 1275 901 voces
1293 861 1317 902 e

241 944 339 1010 rebus
353 943 487 1025 deferri,
513 966 585 1031 quae
605 927 888 1010 omnia'sensuum
906 944 1123 1008 instrumenta
1141 941 1262 1010 ferient
1279 960 1318 1008 et

241 1071 356 1116 sensus
369 1048 524 1131 efficiant,
539 1048 574 1114 id
589 1065 651 1132 cst,
668 1051 857 1116 sentiantur.
876 1049 981 1140 Igitur
996 1045 1082 1112 idola
1095 1047 1165 1114 huc
1180 1071 1242 1137 per
1258 1071 1319 1112 va-

241 1155 288 1220 ria
299 1156 369 1222 loca
386 1153 491 1220 delata
504 1155 653 1220 tenuiora
671 1156 863 1244 minoraque
877 1153 947 1220 fieri
962 1151 1130 1240 deterique
1143 1169 1176 1218 et
1192 1177 1319 1219 crane-

241 1283 329 1328 scere
356 1261 506 1341 tandem,
525 1283 563 1326 ac
584 1260 674 1326 vario
709 1261 806 1326 etiarn
833 1259 934 1326 modo
958 1259 1045 1324 inter
1069 1282 1104 1324 se
1128 1261 1258 1324 misceri
1280 1277 1321 1326 et

240 1365 418 1453 permutari
438 1388 446 1428 ε
470 1387 543 1452 quae
563 1381 597 1430 et
619 1388 638 1430 a
659 1364 844 1434 furentibus
868 1381 902 1430 et
923 1387 944 1430 a
965 1363 1204 1430 somniantibus
1224 1365 1318 1430 intra

243 1495 364 1562 corpus
380 1471 591 1561 inrumpentia
599 1489 775 1538 cernantur
788 1495 796 1538 ε
811 1495 918 1540 errare
930 1493 1008 1562 ergo
1026 1471 1114 1552 illos,
1131 1494 1199 1538 non
1212 1495 1319 1538 sensu

243 1563 408 1668 (uanique
430 1601 505 1647 vere
528 1578 688 1659 ejusmodi
712 1580 789 1646 visis
807 1577 1033 1666 afficiuntur),
1052 1577 1110 1643 sed
1134 1578 1319 1668 opinione,

241 1684 320 1752 dum
338 1683 476 1751 credunt
488 1707 507 1748 a
520 1683 646 1766 solidis,
663 1707 736 1773 quae
755 1683 878 1768 adsint,
899 1683 1091 1774 corporibus
1113 1699 1237 1772 spectm
1261 1685 1318 1748 illa

242 1789 303 1854 sibi
318 1791 440 1858 offeni.
458 1792 567 1880 Atque
590 1791 655 1864 hoc
672 1789 822 1878 quidem,
843 1807 881 1856 ut
894 1808 928 1856 et
941 1789 1071 1879 physica
1087 1789 1221 1878 Epicuri
1236 1789 1319 1853 nni-

241 1919 349 1977 versa,
365 1896 543 1962 Democriti
560 1913 628 1978 est3
646 1919 744 1985 quem
761 1898 876 1962 Cicero
890 1895 936 1984 (1)
956 1895 1034 1960 dicit
1061 1895 1244 1984 scripsisse,
1261 1896 1317 1960 «si
1348 1962 1350 1971 Α

242 2023 349 2081 nunc,
366 2017 424 2066 aut
437 2003 464 2066 si
477 2003 573 2068 etiam
591 2003 809 2085 dormientes,
825 2001 948 2092 aliquid
963 2001 1073 2066 animo
1088 1999 1321 2066 videreridea-

243 2129 335 2188 mur,
361 2106 518 2198 imagines
539 2109 738 2176 extrinsecus
758 2110 792 2174 in
811 2109 938 2176 animos
957 2124 1085 2172 nostros
1112 2129 1171 2195 per
1193 2129 1319 2196 corpus

243 2212 456 2301 irrumpere».
469 2213 614 2279 Laertius
626 2209 729 2301 (a)¹er'r
744 2215 876 2304 Epicuri
889 2214 1047 2278 sententia
1060 2236 1068 2278 ε
1081 2244 1093 2269 ι
1104 2213 1320 2278 Fruuntinrn-

243 2339 307 2404 que
331 2331 364 2386 et
387 2319 621 2388 somniantium
644 2319 710 2384 visa
727 2341 802 2384 vera
818 2341 902 2403 essc;
927 2328 1062 2383 mov'ent
1080 2319 1167 2384 enim
1190 2339 1200 2382 r
1222 2316 1317 2406 qnod

241 2446 320 2490 vero
344 2447 411 2490 non
430 2442 498 2508 est,
517 2447 585 2490 non
602 2441 712 2490 movet
725 2457 748 2494 a.
775 2425 968 2492 Plutarchus
989 2423 1037 2513 (3)
1058 2422 1099 2488 ds
1123 2425 1317 2514 Epicureis:

243 2529 378 2612 «Quam
397 2553 473 2596 vero
492 2532 650 2620 speciem,
668 2547 725 2598 aut
739 2545 888 2598 naturam
904 2546 1122 2598 monstrosam
1138 2547 1238 2618 atque
1254 2553 1317 2618 pe-

241 2638 402 2724 regrinam
415 2659 483 2702 non
502 2659 567 2704 una
585 2637 820 2727 compingunt,
836 2661 876 2704 ex
891 2637 1061 2702 insomniis
1078 2653 1112 2700 et
1127 2634 1247 2702 deliriis
1261 2658 1319 2701 ens

242 2740 468 2808 decurrentes?
489 2765 630 2830 quorum
655 2743 737 2811 nihil
759 2765 875 2808 ranam
898 2743 1077 2824 visionem,
1101 2757 1158 2808 aut
1174 2741 1316 2824 falsum,

242 2863 300 2912 sut
316 2848 566 2930 inconveniens,
579 2863 612 2914 et
631 2848 723 2938 quod
736 2871 807 2914 esse
820 2872 887 2914 non
901 2849 1003 2937 possit
1014 2847 1144 2932 dicunt3
1156 2845 1317 2912 sedveras

241 2951 426 3041 phantasias
444 2969 476 3020 et
494 2977 628 3042 corpora
645 2971 679 3020 et
699 2955 844 3038 formas,
867 2978 939 3044 quie
959 2977 1000 3020 ex
1021 2955 1220 3020 circumfuso
1237 2976 1318 3019 aere

242 3059 338 3126 nohis
353 3059 601 3128 immittanturn.
1203 3057 1206 3064 ¹

287 3165 340 3232 82.
361 3166 516 3234 Similiter
529 3165 576 3256 (4)
594 3182 628 3232 et
648 3165 689 3232 de
710 3167 825 3254 procul
846 3165 912 3232 aisa
931 3166 1038 3249 tuni,
1065 3187 1138 3254 que
1160 3185 1258 3253 parra
1279 3180 1316 3229 et

242 3269 401 3354 rotunda,
419 3295 524 3360 quum
542 3295 659 3361 magna
684 3288 717 3338 et
741 3272 896 3361 quadrata
914 3272 974 3354 sit,
996 3269 1158 3350 videatur,
1174 3256 1315 3359 respon-

243 3375 322 3441 dent
339 3399 348 3442 :
364 3378 408 3444 ita
422 3376 572 3446 videlicet
587 3379 799 3446 deformatam
817 3379 916 3446 turris
934 3377 1072 3468 effigiem
1097 3376 1139 3442 ad
1155 3399 1216 3444 nos
1238 3399 1315 3466 pere

241 3481 370 3558 venire,
381 3505 521 3572 vereque
532 3485 601 3568 illa,
612 3507 712 3574 quam
727 3485 837 3552 animo
850 3485 968 3567 offert,
982 3485 1228 3573 speciesensum
1244 3505 1316 3571 pers

241 3585 329 3670 aelli,
346 3609 407 3652 nec
420 3590 562 3656 mentiri.
575 3590 676 3674 Quod
691 3591 718 3660 ai
735 3592 808 3684 quis
826 3591 927 3684 ipsam
946 3590 1081 3658 solidam
1097 3589 1215 3658 turrim
1230 3589 1315 3670 ejus·

276 3791 314 3858 (r)
332 3795 361 3842 ln
370 3793 488 3854 Lucullo,
504 3810 557 3859 cap.
573 3803 616 3852 to.

276 3879 317 3946 (a)
335 3881 364 3929 Ia
376 3880 497 3945 Epicuro,
512 3881 557 3932 lib.
567 3884 609 3944 1,
622 3893 682 3931 sect.
692 3883 735 3931 Sa.

277 3967 317 4033 (3)
335 3969 427 4018 Contra
441 3968 571 4028 Colorem,
584 3985 641 4034 pag.
656 3972 739 4028 arai,
755 3970 781 4020 b.

274 4054 315 4120 (t)
332 4057 397 4106 Plut.
412 4067 497 4108 contra
509 4057 639 4118 Coloten,
651 4069 676 4108 et
690 4059 778 4108 Sextus
790 4057 847 4110 adr.
861 4059 955 4126 Dissip.
972 4075 1026 4125 esp.
1037 4058 1068 4108 ds
1081 4057 1194 4111 &iterio
1209 4055 1312 4124 (noran

241 4145 283 4200 lib.
294 4147 341 4198 vu
356 4146 411 4196 adv.
427 4146 544 4199 Methana.
558 4145 569 4210 (
574 4163 595 4198 1.
606 4146 699 4197 adure.
709 4146 800 4214 Log.))
