2744 4684
251 349 319 422 382
588 347 636 414 Μ.
662 345 700 411 Τ.
728 339 972 412 CICERONIS

250 499 352 561 cum,
369 473 433 570 qui
448 470 520 540 hoc
536 466 684 566 quidem
701 479 820 551 certe,
835 460 913 532 falsi
933 482 1009 530 csse
1027 453 1162 552 aliquid
1178 453 1221 523 in
1239 475 1316 522 seu·

186 629 234 662 102
250 583 369 672 sibus,
392 580 456 652 tibi
472 579 658 652 assentior.
686 579 915 671 Quamquam
936 567 1026 639 nibil
1042 565 1132 636 mihi
1154 579 1231 634 tam
1253 566 1316 630 mi·

250 720 331 766 rum
353 691 510 777 videtur,
535 712 644 785 quam
672 687 739 756 ista
763 683 832 754 dici
843 679 870 768 ⁶,
894 679 939 750 ab
967 674 1146 748 Antiocho
1167 672 1315 770 quidem

249 807 426 887 maxime,
444 801 503 872 cui
517 811 640 885 erant,
655 819 736 894 quae
752 792 873 890 paullo
890 803 972 861 ante
985 788 1078 872 dixi,
1096 787 1317 856 notissima7.

253 919 349 986 Licet
380 913 476 984 enim
504 909 580 980 haec
611 907 728 1005 quivis
762 902 937 974 arbitratu
961 921 1027 970 suo
1054 891 1317 991 reprehendat,

250 1023 351 1123 quod
373 1043 545 1118 negemus
565 1041 642 1088 rem
662 1015 772 1087 ullam
791 1013 928 1110 percipi
947 1029 1070 1107 posse,
1087 1019 1186 1075 certe
1207 1003 1318 1074 levior

250 1133 484 1233 reprehensio
498 1142 553 1201 est
564 1123 590 1200 ⁸.
609 1125 718 1216 Quod
732 1141 852 1195 tamen
869 1119 1041 1204 dicimus,
1060 1139 1137 1186 esse
1154 1112 1316 1210 quaedam

251 1242 468 1347 probabilia,
489 1265 564 1310 non
580 1237 724 1310 videtur
741 1235 812 1306 hoc
830 1233 914 1304 satis
935 1255 1011 1302 esse
1031 1226 1144 1298 vobis.
1161 1229 1217 1296 Ne
1232 1226 1317 1302 sit93

251 1358 310 1428 illa
341 1366 437 1425 certe
463 1347 639 1424 debemus
666 1343 848 1442 effugere,
876 1366 957 1439 quae
982 1364 1002 1409 a
1030 1353 1065 1408 te
1087 1335 1142 1406 vel
1164 1335 1317 1403 maxime

242 1469 380 1566 agitata
399 1477 507 1533 sunt:
529 1458 654 1530 «Nihil
678 1457 786 1554 igitur
805 1453 950 1525 cernis?
974 1449 1064 1520 nihil
1085 1444 1214 1518 audis?
1233 1443 1316 1512 nihil

253 1577 318 1649 tibi
337 1587 391 1645 est
414 1571 646 1669 perspicuum
659 1567 746 1637 ¹⁰io
1156 1625 1162 1636 ,

299 1683 480 1784 Explicavi
509 1680 630 1778 paullo
660 1691 763 1760 ante,
794 1669 1020 1745 Clitomacho
1049 1681 1218 1753 auctore,
1246 1687 1317 1760 quo

253 1795 362 1870 modo
383 1800 449 1866 ista
467 1790 668 1865 Carneades
686 1786 830 1868 diceret.
849 1783 993 1878 Accipe,
1009 1775 1315 1877 quemadmodum

252 1951 381 2000 verborum
398 1946 560 1996 collocutione
580 1943 699 2006 ambigue,
717 1937 765 1988 nisi
805 1955 879 2008 etque
897 1945 930 1990 its
950 1957 964 1989 e
982 1941 1071 1989 nostrie
1091 1937 1158 1988 Gud.
1183 1937 1233 1985 Sed
1251 1936 1316 1983 fsei'le

254 2032 323 2096 plene
335 2037 449 2077 contexte
460 2024 628 2073 consulueris:
643 2037 674 2070 ex
685 2033 764 2085 oppo-
804 2023 853 2072 hoc
863 2023 882 2070 l.
895 2035 975 2070 cerere
987 2036 1027 2086 pr.
1043 2017 1239 2068 demonstrativo
1250 2015 1313 2073 lieet,

253 2109 350 2158 sitionis
372 2105 437 2154 enim
460 2104 486 2152 vi
506 2103 560 2152 baec
581 2115 665 2150 comm
692 2098 763 2146 series
805 2097 1316 2166 quodtotieesscribissdditur3eujusque

254 2187 343 2250 requiri
368 2182 464 2232 videtur
484 2197 491 2230 ι
510 2203 524 2223 e
540 2183 602 2230 Cum
625 2177 669 2226 illo
689 2177 764 2241 igitur
804 2181 861 2230 loco
870 2191 955 2229 auctor
964 2181 1053 2228 rectius
1062 2177 1115 2227 ltaec
1127 2175 1273 2241 scripsisset.
1286 2175 1314 2220 G.

254 2276 351 2313 certae.
370 2261 448 2325 idque
464 2274 535 2319 esne,
550 2274 595 2324 per
611 2257 761 2321 sequidem,
841 2261 865 2308 ὓ.
878 2249 945 2307 cene
955 2257 1028 2306 levior
1036 2255 1189 2321 reprehensio
1200 2265 1244 2302 est.
1256 2251 1316 2299 Gnd.

253 2343 404 2392 verissimum
414 2350 466 2388 est:
481 2337 524 2386 sed
534 2337 656 2402 pertinent
667 2336 719 2383 haee
732 2333 763 2382 sd
805 2337 994 2403 comprehensio,
1013 2337 1064 2385 Erl,
1080 2351 1136 2382 cum
1149 2334 1201 2381 Pel.
1217 2349 1252 2393 a,
1269 2347 1314 2378 res·

253 2421 269 2488 s
284 2423 327 2485 98.
343 2442 355 2462 ι
364 2421 462 2468 Mecum
476 2431 537 2464 vero
552 2415 613 2479 quid
629 2411 719 2462 hebent
733 2412 764 2461 li·
802 2411 1314 2483 ponstesedheenuumntmmopfim

255 2503 314 2550 tium
323 2503 353 2550 i·
366 2501 404 2548 Ex
414 2511 464 2560 quo
474 2495 531 2543 loco
543 2509 595 2543 nou
605 2493 685 2541 solum
696 2491 763 2540 verbi
807 2497 968 2559 vitigineum
981 2495 1057 2543 verbo
1068 2509 1144 2559 praec.
1159 2490 1314 2556 reprehendat

253 2593 320 2630 eene
329 2578 447 2646 premissi
455 2575 518 2624 ratio
527 2573 679 2637 intelligitur,
687 2587 763 2635 quun
806 2573 935 2625 convenit}
946 2577 998 2624 Nec
1010 2577 1073 2622 ven.
1088 2578 1171 2635 1494,
1187 2585 1242 2617 cun
1254 2571 1312 2618 Cret

253 2663 288 2710 sic
298 2659 462 2723 sdsuperiors
471 2653 570 2704 lectoris
582 2654 676 2700 suimus
684 2651 764 2698 mit-
807 2663 831 2701 et
840 2653 893 2702 aliis
903 2653 1023 2702 audienda
1035 2662 1086 2714 eet,
1101 2665 1157 2714 quae
1171 2649 1311 2712 transponit,

254 2753 330 2798 tetur3
344 2753 427 2787 verum
441 2735 518 2800 ipsius
533 2734 606 2781 etim
619 2730 687 2779 verbi
699 2740 764 2778 reete
806 2744 842 2780 ese
861 2731 1022 2796 reprehensio.
1049 2730 1105 2778 Alte
1125 2743 1163 2776 ree
1184 2728 1258 2786 fem,
1270 2728 1311 2774 nisi

254 2819 327 2884 positi
341 2817 428 2866 modus
442 2813 542 2879 patebit.
557 2813 615 2860 Non
628 2813 692 2860 enim
706 2809 764 2858 alise
806 2822 868 2860 esset
885 2811 1001 2860 clausule.
1021 2809 1088 2858 Sem.
1105 2829 1118 2850 e
1128 2819 1211 2866 certe,
1224 2807 1310 2871 gessius

253 2912 340 2950 suctos
354 2907 449 2946 certare
466 2905 514 2943 tsm
528 2892 640 2940 absolute
658 2889 764 2954 (Pugna
807 2891 939 2956 Epicurum
959 2886 1134 2954 reprehendere
1146 2901 1193 2934 vos
1211 2887 1279 2948 lieet,
1291 2885 1308 2931 sl

254 2991 305 3028 tum
316 2977 376 3027 dicit
387 2986 430 3024 sot
442 2971 586 3036 Discepta),
597 2971 642 3018 uisi
654 2971 679 3018 in
692 2969 764 3017 rebus
806 2979 969 3017 mecumcerts
977 2983 1090 3016 menum
1097 2967 1147 3013 viss
1155 2965 1307 3029 negabitisG.

194 3125 198 3136 ι
225 3075 227 3079 ’
254 3059 285 3106 ad
308 3059 388 3106 mum
409 3063 435 3103 et
456 3051 546 3114 judicis
565 3049 762 3114 pertinentibus3
843 3042 1308 3110 9.Nesir.l{icconjecturssprofnndere

254 3138 319 3186 unde
329 3137 378 3184 huc
388 3132 529 3183 enodatum
543 3129 620 3178 vides.
635 3130 697 3192 Quse
709 3127 764 3190 qui·
806 3127 890 3174 Deris.
905 3143 956 3175 non
971 3125 1108 3185 debuisset;
1121 3124 1178 3186 quis
1191 3125 1251 3172 enim
1262 3123 1307 3168 lree

255 3215 309 3264 dem
323 3215 443 3263 dubitatio
458 3228 518 3268 nos,
531 3211 563 3258 sd
576 3209 689 3257 ulteriora
703 3223 763 3255 eon·
806 3221 920 3269 umquam
936 3222 949 3252 s
967 3205 1051 3253 scribis
1067 3219 1118 3252 non
1136 3213 1220 3250 vente
1236 3199 1307 3248 vidit?

255 3305 320 3340 texta
336 3293 415 3342 miuus
429 3291 596 3346 attendentes,
611 3297 680 3336 sntea
696 3303 763 3334 com·
806 3285 846 3332 Cf.
857 3299 929 3348 supra
941 3283 991 3344 sd,
1001 3285 1043 3339 84.
1053 3282 1112 3330 «Ne
1121 3280 1153 3329 sit
1164 3279 1305 3328 ssueuiden'

256 3377 375 3428 moveret,
384 3381 411 3418 ut
421 3373 491 3418 Certe
502 3385 548 3434 pro
556 3366 678 3429 adjectivo
686 3363 766 3429 accipi
807 3374 871 3412 certe
884 3375 979 3428 potest,
988 3373 1035 3410 etc.
1046 3383 1058 3404 ι
1072 3363 1102 3410 G.
1117 3387 1152 3399 -υ
1163 3365 1217 3410 Hoc
1227 3359 1306 3406 dicitur

256 3449 386 3496 mallemus.
396 3451 429 3496 G.
807 3459 851 3508 per
860 3439 1121 3500 concessionem,verbi
1132 3431 1304 3504 pirineum&

293 3527 319 3574 6.
329 3527 357 3587 Q.
367 3525 385 3574 i.
392 3524 449 3574 dici.
459 3523 665 3584 Poet,dici,oolon
675 3523 765 3584 minus,
806 3521 856 3569 hoc
868 3521 939 3570 vobis
952 3521 1010 3570 setis
1022 3535 1074 3568 esse
1084 3535 1135 3566 non
1149 3517 1260 3574 videatur,
1268 3515 1303 3562 ills

258 3621 303 3670 pro
316 3604 421 3667 virgula,
439 3605 522 3667 posuit
535 3606 602 3654 Goee.
616 3605 672 3667 quia
683 3619 766 3652 sensus
808 3611 886 3658 certe,
901 3603 948 3650 etc,

257 3696 319 3733 est:
343 3697 512 3746 «quamquem
533 3683 560 3730 id
582 3682 642 3730 milii
662 3683 765 3730 maxime
847 3697 885 3729 ro.
902 3677 974 3728 Nihil
987 3673 1303 3744 igitureernis?...pmpi·

258 3767 360 3823 mirum,
379 3765 424 3812 ists
444 3761 522 3811 dicis
541 3765 643 3824 Stoicis,
661 3765 765 3817 merisne
808 3765 897 3808 cursen?
909 3761 969 3808 Sunt
978 3760 1030 3806 hee
1040 3753 1302 3820 quodammodoexpro·

256 3861 316 3895 vero
329 3845 361 3893 sb
377 3841 542 3902 Antiocho-3
557 3859 658 3907 nempe,
673 3861 699 3890 se
715 3861 766 3893 non
807 3840 915 3898 brantio,
932 3849 956 3886 et
982 3853 1037 3886 cum
1056 3835 1160 3900 quedem
1186 3833 1301 3882 imitatione

257 3924 390 3972 concedere
402 3921 518 3985 Epicuro.
809 3921 877 3968 vocis
885 3919 1005 3967 Lumltee
1015 3914 1153 3980 eogluuds.
1162 3911 1300 3978 Exprobren-

294 4013 318 4065 7'.
330 4001 465 4052 ceteram.
476 4033 499 4045 ..
515 3997 647 4046 notissima.
662 3999 767 4050 Addidit
810 4001 842 4048 tis
859 4015 886 4046 es
905 4015 972 4057 esse,
989 3997 1029 4045 vel
1047 3995 1107 4043 inde
1123 3995 1225 4050 clerum,
1242 3989 1299 4054 quod

259 4081 338 4130 Deris.
353 4078 475 4129 extribus
487 4077 537 4124 suis
554 4088 610 4139 post
621 4091 705 4139 erant,
718 4095 748 4127 en
755 4097 765 4136 ,·
810 4081 927 4128 continuo
936 4085 1103 4141 argumentum
1112 4072 1262 4138 abrumpitur.
1272 4071 1298 4118 G.
