2776 4688
248 376 295 446 cs
540 355 552 470 j
623 373 955 444 tumouucrro.

249 497 506 588 Pymhoninrum
523 496 590 562 sive
616 497 695 562 locis
721 496 789 560 sive
805 495 931 580 modis,
959 495 1080 585 quibus
1097 496 1142 562 illi
1167 499 1328 568 Asarae-

245 611 350 693 pn‘om
365 619 513 669 statuunt
529 620 562 668 et
580 601 734 692 Epoclten
750 601 998 685 commendant,
1013 604 1111 692 petita
1127 603 1327 671 videantur:

252 711 414 776 namatii
432 708 521 774 modi
546 708 659 788 majori
681 729 718 772 ex
745 725 835 798 parte
860 709 945 774 banc
967 709 1128 774 rationem
1153 727 1328 799 spectant,

252 840 355 904 quum
386 838 498 880 sensus
529 831 562 878 et
595 814 780 903 phantasias
807 816 917 902 potius
949 827 1112 880 accusent,
1137 814 1329 882 Academici

253 938 359 1004 certe,
393 937 528 1009 propter
557 941 610 982 eas
643 919 781 984 maxime
817 918 1025 1009 phantasias,
1057 919 1329 1007 comprehensio·

251 1051 326 1094 nem
352 1026 490 1092 ablatam
515 1023 646 1107 dicunt,
668 1047 766 1113 quas,
784 1047 887 1112 quum
908 1025 1023 1090 afalso
1041 1025 1122 1107 sint,
1146 1026 1329 1090 simillimas

253 1134 292 1198 iis
310 1153 383 1222 quaa
400 1148 512 1196 sunta
535 1153 613 1195 vero
631 1153 785 1219 apparere
806 1124 917 1213 aiunt,
936 1147 974 1194 ut
989 1130 1129 1196 discerni
1147 1148 1328 1218 nequeant.

251 1239 374 1302 Verum
391 1236 539 1302 retulerit
554 1249 662 1300 totum
684 1235 749 1299 hoc
770 1235 910 1324 imagine
935 1251 1174 1325 representare.
1193 1239 1229 1302 G.
1249 1238 1329 1302 Julii

253 1343 403 1425 cesaris,
418 1342 475 1429 qui
489 1339 628 1406 dictator
641 1339 825 1416 dictassem,
841 1359 950 1405 veram
965 1341 1096 1424 faciem,
1112 1364 1209 1429 quam
1220 1343 1327 1431 ipsam

253 1473 315 1540 ego
336 1469 515 1536 numquam
532 1445 616 1529 vidi,
630 1445 839 1534 quantumvis
856 1445 973 1530 multas
991 1446 1059 1527 ejus
1083 1446 1204 1513 affabra
1225 1449 1329 1514 factas

252 1555 407 1644 imagines
424 1575 462 1618 ac
474 1552 634 1616 simillima
648 1551 816 1618 simulacra
826 1567 948 1618 attente
964 1553 1181 1642 perspexerim
1198 1569 1330 1618 ercon-

252 1660 438 1742 siderarim,
456 1681 517 1724 nec
533 1659 632 1724 Stoici
650 1655 783 1746 quidem
801 1657 863 1747 ipsi
885 1658 1046 1748 cognitam
1071 1658 1152 1724 mihi
1175 1681 1212 1724 ac
1231 1681 1328 1724 oom-

251 1766 445 1856 prehensam
461 1764 580 1830 dicent
601 1765 792 1830 Existimare
807 1763 888 1828 mihi
906 1777 993 1830 certe
1006 1787 1043 1828 ac
1052 1763 1200 1828 arbitrari
1213 1763 1329 1847 licebit

249 1873 334 1936 hauc
351 1871 403 1936 rel
421 1869 506 1934 illam
524 1871 684 1958 picturam
704 1867 836 1934 caesaris
860 1868 974 1934 faciem
995 1867 1149 1944 reddere,
1172 1869 1329 1957 propius·

252 1999 317 2065 que
328 1977 371 2040 ad
382 1977 449 2040 veri
464 1977 573 2042 vultus
587 1975 727 2062 speciem
741 1973 909 2056 accedere,
927 1974 1113 2054 conjectura
1123 1997 1210 2038 exeo
1222 1975 1328 2056 facta,

252 2081 344 2168 quod
361 2079 488 2144 videam
504 2079 613 2168 plures
631 2103 670 2142 ex
688 2079 749 2142 illis
765 2077 960 2167 imaginibus
977 2077 1165 2158 hujusmodi
1184 2078 1328 2168 effigiem

251 2202 500 2275 repraesentare,
517 2200 574 2250 aut
588 2185 648 2250 alia
666 2183 800 2248 demum
820 2184 946 2248 ratione
963 2183 1109 2250 adducto
1137 2184 1217 2248 mibi
1239 2185 1330 2250 hanc

252 2315 318 2380 pres
328 2293 382 2355 illa
394 2291 568 2380 imaginem
580 2291 719 2379 probare
732 2291 885 2379 placebit,
902 2290 1169 2379 probabilemque
1185 2289 1330 2358 laudabo

254 2413 289 2462 et
305 2397 499 2484 amplectar,
516 2397 641 2474 rejectis
657 2395 794 2477 ceteris,
813 2395 949 2459 minime
965 2397 1099 2460 fortasse
1112 2393 1329 2484 probandam.

254 2503 377 2568 Verum
406 2503 508 2590 ipsam
536 2501 596 2564 viri
622 2501 736 2566 faciem
761 2498 862 2564 visam
888 2500 968 2564 mihi
993 2523 1031 2566 ac
1057 2501 1330 2590 comprehensam

255 2627 437 2696 numquam
460 2607 542 2672 mibi
566 2593 680 2694 aliquis
703 2605 885 2695 argutando
909 2605 1139 2696 persuadebit,
1171 2623 1230 2672 aut
1248 2631 1332 2696 quae

182 2781 186 2790 ,
255 2735 350 2779 verax
375 2731 502 2780 etcum
520 2714 589 2800 ipsa
610 2733 646 2778 re
668 2713 864 2778 conveniens
887 2711 1011 2800 pictura
1038 2713 1098 2796 sit,
1120 2727 1329 2802 compertum

252 2821 333 2886 mihi
347 2835 381 2884 et
395 2821 563 2910 cognitum
581 2843 740 2908 umquam
756 2842 825 2886 ease
841 2819 971 2908 poterit.
989 2820 1038 2884 Ita
1054 2835 1087 2884 et
1106 2818 1147 2884 de
1166 2819 1243 2885 visis
1257 2820 1330 2886 sire

253 2927 450 3016 phantasiis,
468 2927 679 3015 quaeetipsse
699 2949 766 2991 non
797 2947 848 2992 res
873 2946 953 3014 quas
982 2925 1161 2992 ostendunt
1177 2925 1241 3014 (r),
1267 2927 1327 2992 sed

253 3051 363 3099 rerum
379 3031 535 3120 imagines
553 3045 587 3096 et
601 3045 726 3120 spectra
745 3029 891 3119 quaedam
909 3047 1009 3114 sunt,
1031 3031 1217 3096 Academici
1234 3031 1328 3112 judi·

253 3136 394 3203 cabant:
418 3137 518 3226 idque
537 3136 718 3204 Carneades
742 3138 813 3226 ipse
837 3136 957 3225 duplici
980 3137 1152 3227 partitione
1172 3137 1327 3204 docuisse

255 3243 384 3310 dioimr.

296 3349 350 3415 36.
370 3350 479 3416 Altera
494 3366 545 3416 est
560 3373 570 3414 ε
588 3351 767 3416 Phantasiae
785 3351 854 3416 alim
872 3373 969 3434 verta,
989 3351 1058 3416 aliae
1074 3352 1159 3416 falsat
1175 3368 1271 3435 suut3
1289 3351 1326 3417 id

253 3471 321 3537 est,
337 3439 487 3520 elicerem
501 3479 521 3520 a
537 3477 602 3542 qua
620 3471 698 3520 sunt
719 3456 868 3520 immissae
881 3473 968 3521 recte
983 3473 1229 3546 repraesentant3
1254 3458 1326 3522 alim

252 3579 361 3627 veram
375 3559 420 3624 rei
430 3560 605 3650 imaginem
616 3585 684 3626 non
699 3559 852 3626 reddunt.
863 3561 984 3626 Verum
996 3587 1061 3652 qua
1072 3562 1197 3628 ratione
1213 3585 1325 3651 quove

249 3665 373 3746 judicio
389 3689 517 3732 veraces
533 3691 551 3732 a
568 3667 712 3732 mentitis
730 3689 933 3757 separemus,
951 3692 1020 3733 non
1039 3651 1222 3734 habemus:
1247 3669 1324 3736 ideo

252 3796 356 3862 quum
374 3795 456 3838 verae
473 3775 538 3838 sint
554 3797 615 3856 ece,
640 3798 720 3863 quas
743 3775 1021 3865 comprehendere
1038 3791 1222 3868 oporteret,
1241 3799 1324 3842 neu·

284 4000 324 4067 (ι)
342 4004 442 4060 sextus,
463 4001 506 4049 lib.
516 4000 581 4061 Vll,
596 4002 711 4052 adversus
729 4005 917 4054 Mathematicos
932 4007 968 4068 (ι.
984 4005 1100 4056 adversus
1113 4009 1230 4078 bogiano)
1240 4042 1248 4069 ,
1260 4022 1322 4061 sect.

253 4091 317 4150 358,
332 4104 389 4153 pag.
402 4096 461 4143 tto.
