2784 4662
306 388 553 459 ACADEMIC.
577 389 612 474 Ι,
639 389 770 458 LIBER
791 389 842 474 Il,
864 385 922 457 31.
1071 385 1142 482 379

76 509 250 582 dillerens
260 519 304 598 ¹⁰,
319 533 395 582 esse
411 511 535 607 possit.
552 511 627 598 Sic,
645 509 825 607 quidquid
841 507 1010 581 acciderit
1023 511 1143 607 specie

77 619 285 720 probabile,
310 623 340 691 si
364 618 454 692 nihil
475 645 513 690 se
535 617 682 709 offeret,
709 621 808 718 quod
831 621 877 692 sit
895 619 1143 718 probabilitati

79 731 125 801 illi
146 731 391 819 contrarium,
411 744 535 801 utetur
556 755 601 820 eo
619 733 780 829 sapiens;
798 756 838 803 ac
854 733 904 802 sic
921 732 1039 802 omnis
1051 733 1144 802 ratio

76 845 153 913 vitae
174 839 451 940 gubernabitur.
485 843 625 913 Etenim
652 846 681 914 is
707 867 881 939 quoque,
906 843 971 940 qui
995 867 1016 912 a
1040 841 1143 914 vobis

77 953 215 1047 sapiens
242 951 480 1040 inducitur¹¹,
504 951 617 1024 multa
642 953 806 1049 sequitur
823 949 1042 1050 probabilia,
1067 975 1142 1022 non

78 1061 359 1158 comprehensa,
385 1085 505 1158 neque
531 1076 724 1160 percepta,
750 1085 870 1159 neque
897 1084 1056 1148 assensa,
1080 1059 1142 1131 sed

79 1171 202 1243 similia
223 1172 299 1244 veri
317 1198 325 1242 :
345 1197 425 1269 quae
439 1169 514 1242 'nisi
532 1170 684 1268 probet,
703 1173 820 1244 omnis
843 1173 956 1244 vita¹²
983 1171 1141 1242 tollatur.
1186 1245 1188 1250 ,

79 1279 171 1371 Quid
193 1281 318 1354 enimi
339 1279 585 1354 conscendens
607 1307 734 1353 navem
756 1285 918 1380 sapiens,
936 1306 1026 1352 num
1043 1305 1143 1353 com-

80 1391 298 1489 prehensum
316 1393 437 1464 animo
454 1391 564 1464 habet
577 1406 685 1490 atque
699 1407 929 1490 perceptum,
948 1416 986 1463 se
1003 1417 1046 1464 ex
1061 1415 1142 1463 sen·
1161 1419 1210 1454 100

81 1502 189 1573 tentia
214 1503 494 1599 navigaturum?
523 1505 587 1600 qui
612 1503 754 1601 potest?
775 1503 845 1576 Sed
866 1505 896 1575 si
915 1505 990 1599 jam
1009 1527 1054 1574 ex
1073 1501 1144 1574 hoc

82 1609 155 1682 loco
171 1611 421 1709 proficiscatur
437 1613 627 1699 Puteolos,
644 1613 756 1684 stadia
771 1614 930 1709 triginta,
947 1611 1065 1710 probo
1081 1637 1142 1682 na·

81 1721 292 1816 vigio,bono
302 1721 563 1820 gubernatore,
580 1723 648 1794 bac
667 1717 966 1820 tranquillitate¹³
986 1747 994 1790 :
1011 1719 1144 1818 proba-

82 1827 149 1902 bile
167 1832 346 1920 vidcatur‚
368 1857 406 1904 se
427 1832 513 1904 illuc
532 1847 726 1906 venturum
745 1856 821 1904 esse
844 1831 996 1903 salvum.
1011 1832 1144 1926 Hujus·

83 1941 173 2012 modi
190 1944 301 2041 igitur
320 1943 401 2015 visis
413 1945 445 1994 ¹⁴
465 1943 611 2015 consilia
633 1945 750 2042 capiet
767 1959 803 2015 et
821 1941 951 2040 agendi
963 1939 1005 2030 ¹⁵,
1020 1956 1056 2014 et
1068 1967 1143 2012 non

83 2054 203 2148 agendi
219 2083 228 2125 ε
248 2051 459 2152 faciliorque
474 2056 559 2141 erit,
573 2069 615 2125 ut
630 2053 748 2126 albam
766 2079 843 2126 esse
859 2057 977 2126 nivem
994 2051 1145 2151 probet,

83 2185 183 2257 quam
211 2179 289 2236 erat
310 2167 559 2262 Anaxagoram
581 2165 645 2262 qui
664 2165 701 2234 id
720 2190 794 2235 non
814 2159 970 2234 m0d0¹⁶
996 2164 1045 2232 ita
1068 2187 1145 2233 esse

84 2274 251 2371 negabat,
278 2275 339 2347 sed
365 2275 456 2362 sibi,
481 2277 566 2374 qnia
591 2277 698 2347 sciret
723 2298 854 2372 aquam
880 2275 1018 2370 nigram
1047 2297 1144 2360 esse,

116 2473 153 2506 tc.
163 2457 234 2508 Nihil
241 2457 274 2507 ab
283 2473 310 2506 co
320 2456 449 2524 disserent.
459 2459 525 2507 Sens.
537 2469 587 2506 est:
670 2460 709 2509 13.
721 2459 775 2507 Hac
786 2455 971 2522 tranquillitate.
983 2462 1022 2506 Fr.
1033 2457 1090 2505 cod.
1100 2458 1145 2504 Dr.

82 2535 191 2586 «nihilist
198 2553 316 2586 sensuum
325 2537 466 2601 cognitione
476 2537 588 2602 reperiri,
632 2552 688 2585 cunt
702 2549 771 2586 vetus
788 2537 859 2586 editis
876 2537 959 2585 multis
974 2554 1006 2584 ac
1025 2553 1072 2600 pro
1088 2535 1144 2582 ltuc.

82 2615 341 2680 qa0d‚quumverum
354 2615 589 2676 videatur,non,ut
631 2617 696 2664 Male
720 2632 728 2668 t
753 2632 809 2664 uam
829 2615 878 2664 ltac
904 2627 956 2672 est,
977 2636 990 2656 ι
1004 2631 1058 2679 quas
1078 2630 1145 2662 nunc

83 2694 142 2741 notis
162 2697 213 2744 reri
241 2711 297 2742 curu
322 2693 382 2742 laiso
404 2695 588 2753 communibus,
632 2705 746 2760 regnat».
767 2698 804 2744 lta
818 2695 914 2743 Acsdd.
930 2697 958 2754 Ι,
978 2695 1010 2754 ³,
1031 2709 1072 2754 rr,
1089 2692 1145 2740 irnic

83 2771 147 2820 ctiam
165 2774 256 2822 falsum
274 2789 324 2821 esse
339 2773 417 2837 possit
426 2793 444 2821 ι.
464 2775 523 2820 llaec
535 2771 588 2836 ipss
632 2774 715 2837 temti,
732 2790 781 2838 qua
798 2789 844 2837 ego
861 2790 928 2822 nunc
945 2771 1083 2826 snm.,Div.
1102 2775 1144 2831 11,

84 2850 148 2898 rerba
157 2852 262 2918 virgulis
271 2851 433 2900 distinximus.
446 2853 477 2901 G.
490 2878 526 2888 —
534 2851 588 2900 Cal·
632 2869 671 2917 ep.
689 2854 721 2912 5,
736 2852 790 2901 ltaec
803 2853 934 2918 organici.
952 2868 974 2901 e.
993 2851 1066 2912 bajus
1080 2849 1143 2909 loci,

84 2926 127 2976 lide
138 2935 210 2980 vertit
224 2931 361 2980 Castillon:
380 2933 500 2980 «Ponrvu
514 2932 589 2994 qu'ou
633 2943 658 2980 et
670 2933 794 2996 temporis.
809 2933 842 2981 G.

83 3009 147 3058 trabs
157 3011 233 3075 qu'ils
246 3027 276 3060 ne
288 3009 426 3075 presentent
437 3011 489 3058 rien
503 3009 546 3074 qui
559 3025 589 3060 ne
671 3005 1143 3076 rt.littJ'asmodiigr'turvr'sis.1ntellige:

83 3088 158 3150 puisse
172 3091 224 3138 itre
238 3090 295 3138 lanx
305 3125 313 3149 ,
325 3105 383 3138 sous
396 3090 431 3138 les
443 3105 590 3155 appareuces
634 3089 734 3150 ductus,
747 3092 828 3139 nixus.

84 3167 154 3218 nime
163 3168 193 3218 de
202 3170 227 3218 la
237 3167 341 3218 re'ritin.
673 3171 713 3218 15.
734 3169 841 3236 Agendi.
857 3165 980 3216 Gerundir
990 3183 1001 3226 ,·
1013 3187 1026 3208 ι
1039 3163 1143 3229 agendi,

118 3261 157 3296 rr.
176 3249 254 3312 Quia
267 3247 337 3298 votis
351 3245 445 3311 sapiens
458 3243 587 3295 inducitur.
633 3261 717 3296 stnon
727 3246 1146 3313 sgendi,i.e.adrgendunr,etc.»
1178 3236 1185 3248 ¹

86 3325 282 3376 Ursinusexsno
294 3326 375 3390 aliquo
386 3325 453 3374 nobis
466 3340 589 3374 commcn-
634 3327 728 3378 auctori
758 3327 828 3376 valde
858 3326 1056 3388 frequentantur,
1085 3324 1144 3372 alibi

85 3401 137 3462 dat,
148 3417 220 3470 atque
229 3409 371 3471 itaquoque
382 3405 431 3454 duo
441 3404 527 3454 nostri.
542 3403 590 3452 Sed
634 3409 721 3456 frustra
736 3417 827 3456 tentata
839 3405 888 3456 Oll.
904 3406 934 3465 Ι,
950 3405 998 3466 33,
1015 3405 1044 3462 6,
1059 3426 1071 3445 κ
1083 3420 1144 3452 con·

86 3495 144 3534 recte
157 3486 268 3536 defudit
282 3487 364 3536 Daris.
377 3486 505 3550 vulgatam.
521 3483 591 3534 Nihil
633 3487 714 3536 silium
736 3485 865 3534 virendin.
885 3486 958 3548 legg.
977 3486 1004 3543 1,
1028 3486 1073 3546 td,
1096 3491 1144 3540 ta,

86 3563 146 3612 enim
161 3567 251 3618 certius
267 3577 317 3625 est,
335 3567 444 3622 Stoicos,
462 3575 487 3614 et
500 3563 589 3614 tutto·
634 3591 647 3610 «ι
658 3579 721 3616 reeta
740 3565 801 3615 ratio
820 3563 955 3629 imperandi
972 3573 1045 3628 atque
1059 3562 1144 3626 probi·

86 3639 168 3703 mum,
193 3646 297 3710 sapienti
323 3661 368 3694 suo
393 3643 591 3710 probabilitatem
634 3647 739 3696 bandi».
752 3648 789 3695 Ita
801 3646 885 3710 paucis
895 3641 1143 3709 postsros,=pro-

86 3721 150 3782 ”qai
159 3723 497 3788 concessisse,opinationem
506 3733 592 3770 contra
634 3727 713 3790 priam
736 3723 886 3789 percipiendi
910 3735 992 3774 noum
1015 3745 1036 3770 υ.
1063 3723 1144 3784 Quare

87 3811 186 3861 masse.
196 3805 287 3852 Praeter
296 3819 337 3863 ea,
348 3819 403 3866 quae
412 3804 495 3851 Daris.
506 3801 591 3861 babet,
635 3815 699 3852 recte
716 3804 826 3868 reposuit
840 3820 918 3870 nuper
930 3804 1008 3854 Wolf.
1023 3803 1096 3850 Tusc.
1111 3801 1144 3858 V,

86 3876 115 3924 οῖ·
127 3895 198 3944 supra
209 3881 278 3947 SSp,
291 3883 334 3932 68.
345 3885 380 3933 G.
637 3891 685 3946 to,
703 3899 749 3945 ¹17
765 3899 771 3932 :
792 3905 805 3926 α
816 3893 931 3932 aternum
947 3883 1010 3932 nihil
1024 3877 1144 3930 manendi

123 3973 161 4010 12.
181 3963 265 4011 Omnis
277 3963 334 4012 cria
344 3963 459 4019 tollatur,·
477 3960 530 4010 vita
546 3976 593 4026 pro
635 3963 813 4027 receptaculum
823 3985 844 4010 u.
859 3964 890 4010 G.

89 4039 195 4102 'agendi
210 4043 427 4092 rationeinritau
446 4042 548 4102 dicitnr,
566 4051 593 4089 ut
676 4043 715 4090 rs.
732 4041 819 4105 Qnit'd
882 4059 949 4090 neo.
964 4059 987 4104 q.
1001 4041 1058 4086 llaec
1074 4039 1143 4086 Gorr.

88 4129 156 4180 *ipt-
170 4122 200 4171 G.
637 4119 722 4184 lineis,
735 4133 763 4171 ut
776 4122 954 4188 parenthetica,
974 4115 1109 4181 distinguit.
