2748 4670
263 379 333 452 326
597 385 646 452 M.
672 385 710 452 T.
738 381 980 454 CICERONIS

261 507 310 576 ita
330 507 463 593 morit,
482 519 522 575 ut
540 503 637 576 docti
655 505 831 592 bominis,
851 518 887 574 ct
905 503 1061 599 copiosi,
1079 515 1114 574 et
1132 503 1272 598 parati,
1294 517 1330 572 et

262 614 350 685 nihil
379 617 624 714 praetereuntis
652 640 797 703 eorum,
828 637 909 712 qnae
936 637 1003 710 pro
1030 611 1089 682 illa
1115 636 1223 683 causa
1255 611 1329 683 dici

262 725 418 822 possint;
439 750 514 797 nou
535 730 694 814 tamem,
716 740 757 796 ut
773 727 804 797 ei
822 721 1039 820 respondere
1056 745 1161 819 posse
1179 718 1328 791 diffide-

261 861 348 906 rem.
371 838 573 907 Auctoritas
589 851 709 908 autem
724 849 822 906 tauta
841 833 947 932 plane
964 857 1021 902 me
1035 830 1203 903 movebat
1212 827 1241 918 ⁵,
1259 833 1328 900 nisi

262 959 301 1015 tu
316 950 545 1043 opposuisses
563 972 637 1018 nou
652 948 827 1017 minorem
845 960 953 1014 tuam.
971 939 1163 1039 Aggredior
1176 937 1327 1038 igitur⁶‚

262 1059 291 1126 si
307 1080 421 1152 pauca
437 1071 518 1128 ante
533 1057 635 1153 quusi
650 1055 695 1127 de
709 1053 803 1127 sama
817 1065 919 1126 mca⁷
938 1051 1073 1123 dixero,

211 1159 243 1210 ⁶⁵
309 1167 385 1262 Ego
403 1167 499 1237 enim
521 1167 551 1236 si
569 1181 632 1237 aut
649 1165 888 1238 ostentatione
907 1161 1025 1260 aliqua
1044 1160 1245 1248 adductus,
1265 1175 1329 1230 aut

263 1272 382 1345 studio
410 1275 587 1363 certandi,
614 1275 659 1346 ad
684 1275 777 1346 hauc'
804 1276 1028 1373 potissimum
1052 1269 1326 1370 philosophiam

262 1369 530 1482 mc'applicavi3
546 1410 622 1456 uon
640 1385 750 1458 modo
770 1385 956 1456 stultitiam
977 1405 1113 1470 meam,
1132 1381 1325 1454 sedetiam

265 1672 314 1704 ratu
324 1667 418 1721 spectat
428 1678 449 1717 ι,
459 1659 770 1723 opponunturquebaeciis‚
814 1659 871 1706 ritas
883 1667 948 1705 tauta
961 1655 1032 1722 plane
1043 1673 1082 1704 ma
1098 1657 1228 1716 movebat3
1239 1659 1284 1706 sed
1295 1675 1324 1706 ex

265 1735 353 1798 quibus
359 1736 475 1785 Lucullus
486 1738 713 1802 Ciceronemipsum
723 1754 772 1786 ruo·
814 1753 864 1800 quo
877 1747 904 1784 tu
915 1745 980 1783 tuam
990 1736 1155 1800 opposuisses,
1163 1745 1213 1784 etc.
1224 1757 1236 1778 ι
1252 1737 1326 1784 Intel-

266 1825 362 1878 uucrat3
372 1832 426 1879 quse
434 1817 519 1882 paucis
529 1817 684 1882 postverbis,
694 1841 706 1860 α
718 1820 771 1866 Au·
814 1815 896 1880 ligitur
908 1815 966 1864 inde
978 1851 985 1876 ,
998 1815 1070 1862 unice
1083 1831 1167 1862 verum
1180 1831 1232 1862 ene
1247 1831 1323 1862 nove·

266 1894 363 1941 ctoritaa
380 1906 460 1943 autern
477 1906 558 1954 tauta,
573 1906 620 1944 etc.
633 1917 645 1938 a
658 1895 770 1944 iudicau-
815 1894 863 1942 bat.
876 1894 906 1942 Id
919 1893 1019 1958 quidem
1029 1893 1086 1942 ideo
1100 1894 1323 1958 munimus,quorl

267 1983 315 2018 tur.
327 1974 387 2036 Quae
398 1985 478 2022 autem
489 1974 513 2022 iu
523 1973 619 2022 laudem
633 1973 773 2039 disputatio·
815 1963 898 2020 eadciu
911 1983 1030 2028 structura
1039 1972 1098 2020 alibi
1108 1983 1219 2022 vexatur.
1238 1975 1272 2021 G.

267 2049 305 2097 nis
316 2053 434 2102 Luculleae
449 2053 585 2114 adduntur,
599 2069 626 2101 ea
639 2069 712 2118 supra
725 2053 773 2101 illis
850 2053 876 2100 ti.
891 2051 1032 2116 Aggredior
1046 2049 1127 2116 igriur.
1150 2053 1254 2115 Proprie
1271 2053 1322 2115 qui·

268 2127 346 2178 Catuli
354 2132 516 2197 respondent:
527 2149 582 2182 uam
594 2133 661 2182 docti
669 2132 774 2182 bominis
817 2130 871 2178 dem
881 2131 984 2196 aggredi
996 2129 1106 2178 absolute
1116 2146 1167 2178 nou
1181 2131 1287 2188 dicitur3
1304 2139 1323 2176 at

268 2219 311 2268 est,
326 2221 353 2258 ut
367 2225 495 2269 acerrratar
509 2211 614 2276 copiosi,
627 2211 774 2276 utcopicse3
816 2209 886 2258 facile
902 2225 953 2256 rem
970 2207 1028 2258 addi
1044 2207 1133 2258 liceat:
1148 2207 1193 2256 sed
1206 2209 1257 2258 hoc
1271 2209 1324 2256 loco

264 2289 350 2352 parati
356 2325 363 2346 ,
374 2302 403 2339 ut
411 2290 546 2340 memoriter
558 2291 630 2340 dicat.
644 2293 676 2340 G.
816 2304 867 2338 non
877 2303 941 2354 opus
952 2298 1000 2348 est,
1012 2298 1041 2335 ut
1057 2287 1084 2336 id
1101 2303 1125 2338 v.
1141 2287 1254 2336 absolute
1263 2287 1324 2352 posi·

303 2372 328 2429 4.
347 2371 401 2418 Non
424 2383 522 2427 tamen,
545 2380 573 2416 ut
591 2368 615 2418 ei
631 2368 775 2434 respondere
816 2367 987 2432 tumsccipias,
998 2383 1073 2432 quum
1081 2365 1191 2416 iacilaex
1199 2365 1323 2415 antecedi.

264 2462 335 2510 posse
348 2447 495 2516 diffiderem.
506 2447 590 2499 Daris.
604 2449 634 2496 de
646 2463 692 2496 suo
706 2446 774 2496 dedit
816 2463 892 2494 eausa
905 2446 1059 2509 intelligatur.
1078 2445 1169 2494 sinitis
1186 2445 1259 2494 locus
1274 2456 1320 2494 est.

267 2525 693 2591 nsponde1i30uiadbaesitlliilsem.
706 2528 774 2574 Laus-
816 2525 866 2574 ΟΠ.
876 2527 897 2582 1,
911 2541 954 2584 αι,
967 2525 1007 2572 ri.
1020 2525 1050 2572 G.

268 2601 319 2652 bin.
333 2607 401 2669 priua
412 2622 450 2654 me
462 2606 493 2654 de
505 2623 551 2654 suo
565 2605 699 2654 addiderat.
714 2607 774 2652 Eru.
854 2620 877 2664 7.
896 2601 974 2668 Quasi
985 2601 1097 2667 dcjisma
1111 2601 1258 2660 mee.,Gud.
1275 2619 1324 2649 ares

267 2681 349 2731 mitius
357 2686 516 2748 pronuntiat,
531 2701 569 2732 me
581 2694 624 2730 aut
635 2683 772 2746 intelligeu·
816 2681 929 2746 ignorat:
943 2681 1017 2732 Rath.
1027 2693 1107 2730 auteur
1121 2683 1149 2730 iu
1162 2684 1235 2748 quasi
1246 2683 1324 2736 beret,

268 2757 325 2806 dum
339 2762 430 2819 rideri,
444 2775 486 2810 aut
498 2749 647 2812 addendum.
660 2761 728 2809 Nibil
739 2772 775 2808 est
817 2761 929 2822 quadam
937 2761 1117 2808 commendans.
1127 2761 1176 2810 Sed
1185 2762 1255 2810 loeus
1266 2762 1322 2810 bene

267 2838 416 2886 addendum.
429 2840 662 2910 Nemprimumme,
675 2839 775 2886 infasti-
816 2853 841 2886 se
854 2835 936 2886 babet.
949 2838 1012 2886 Nam
1027 2839 1048 2886 si
1062 2839 1177 2904 quedam
1195 2838 1322 2904 placuerit.

268 2917 307 2978 gio
316 2916 384 2980 quasi
396 2915 468 2976 hujus
479 2917 609 2965 verborum
619 2917 722 2966 ambitus
729 2933 775 2981 po·
817 2931 848 2962 ex
859 2929 936 2980 pravo
946 2915 1028 2979 positu
1038 2916 1063 2965 b.
1076 2917 1092 2966 l.
1102 2916 1229 2982 placebit:
1242 2929 1324 2965 auctor

268 2994 356 3054 situm,
376 2993 434 3041 satis
458 3005 506 3056 est;
523 3005 550 3042 ut
567 2995 614 3043 boc
633 2999 691 3044 loon
709 2995 775 3044 idem
818 2995 881 3042 euim
896 3015 907 3036 ι
919 3009 995 3057 psuca
1008 2995 1120 3058 quaedam
1131 2997 1323 3060 aute-scripsis

268 3073 398 3138 repetitum
408 3071 460 3120 'aina
470 3075 526 3134 jure
539 3073 668 3122 desideres.
680 3073 774 3122 Deinde
817 3084 860 3122 set.
879 3073 962 3138 Atque
979 3074 1000 3120 si
1019 3073 1057 3120 rel
1070 3074 1120 3124 hoc
1135 3075 1234 3136 liceret;
1248 3087 1322 3122 tarum

268 3151 350 3214 paullo
360 3161 415 3199 anta
427 3151 540 3212 vidimus,
549 3163 672 3200 auctorem
681 3167 773 3216 prono·
818 3151 874 3200 inde
883 3168 937 3200 vera
950 3152 1000 3200 loci
1008 3155 1127 3202 tantautis
1140 3155 1323 3220 opprimeretur.

269 3229 349 3287 ruina,
366 3229 386 3276 si
401 3241 585 3293 precesserunt,
607 3231 641 3276 sic
663 3231 774 3278 omittere
818 3231 992 3296 Vituperebaut
1001 3233 1065 3280 euim
1074 3231 1174 3296 quidam
1185 3234 1323 3282 Ciceronem

268 3305 358 3364 solere,
371 3317 399 3355 ut
410 3305 448 3352 vel
458 3306 543 3354 durius
555 3307 773 3358 sactumridestur.
817 3325 848 3358 cx
861 3325 900 3371 eo,
910 3309 978 3374 qnod
995 3327 1020 3358 se
1040 3311 1071 3358 ad
1091 3310 1154 3360 banc
1172 3312 1322 3376 potissimum

270 3380 402 3442 Addeillis,
409 3397 543 3448 quresupra
556 3383 693 3449 posuimus,
704 3387 772 3434 Orat.
816 3387 976 3454 philosophie
994 3388 1151 3454 disciplinam
1170 3390 1323 3442 contulisset.

269 3459 289 3518 1,
302 3473 342 3514 aa,
358 3475 414 3518 ror,
427 3459 468 3508 ubi
483 3461 573 3526 duplex
582 3480 620 3510 rrae
629 3461 773 3512 subaudieu·
817 3467 848 3516 cl.
866 3483 938 3532 supra
959 3469 983 3526 3,
1005 3487 1029 3532 7,
1041 3485 1109 3534 seqq.
1125 3469 1222 3518 Exinde
1238 3468 1324 3532 uquasi

269 3537 327 3584 dum
339 3538 465 3598 omittitur.
474 3539 565 3588 Eodem
576 3539 652 3589 modo
661 3557 733 3606 supra
750 3543 773 3601 5,
816 3545 877 3594 larua
891 3547 943 3608 ejus
960 3547 1075 3612 agebatur
1087 3569 1110 3607 s,
1125 3565 1198 3612 qnam
1210 3549 1238 3598 b.
1254 3548 1272 3598 l.
1287 3547 1324 3596 de·

272 3623 312 3671 ri.
328 3618 369 3664 ilia
379 3615 491 3682 adjunge,
501 3619 521 3666 si
533 3630 621 3667 auctor
633 3621 776 3684 responderi
817 3623 961 3676 scudeudans
975 3627 1085 3690 suscipit.
1101 3627 1160 3676 Nou
1171 3639 1252 3678 eutem
1268 3645 1321 3690 pro·

268 3693 411 3758 scripsisset,
423 3693 490 3742 baud
502 3696 575 3745 dubie
598 3697 773 3748 dubitationem
816 3703 868 3768 prie
890 3714 913 3752 et
931 3720 961 3752 ex
980 3708 1104 3756 communi
1131 3721 1243 3754 sermone
1266 3707 1322 3754 sauss

268 3773 395 3840 quamdam
410 3773 439 3822 da
454 3774 565 3824 facultate
573 3792 632 3839 sua,
643 3789 672 3826 ut
681 3777 771 3844 ubique
817 3781 874 3830 binc
892 3783 943 3844 ejus
955 3783 1017 3832 arsle
1030 3783 1159 3846 sudlebat;
1173 3801 1249 3848 quare
1263 3784 1323 3832 ruiti·

267 3853 335 3912 fttlis
343 3852 478 3914 l'‘llfflliiei·
492 3856 525 3902 G·
815 3872 911 3922 gentem
921 3862 1076 3926 particulam,
1087 3879 1161 3927 quarn
1175 3863 1246 3926 solet,
1254 3863 1322 3912 addi·

303 3936 326 3983 5.
338 3935 415 3982 Plane
428 3932 593 3993 memmiae,
606 3933 653 3980 nisi
663 3946 688 3981 tri
699 3951 772 4000 oppo-
816 3937 861 3987 dit.
873 3967 908 3976 -
917 3941 1004 3990 Dicere
1010 3942 1040 3990 de
1039 3939 1119 4007 faran
1125 3954 1206 3992 antem
1216 3944 1249 3992 ita
1257 3945 1322 4008 poui-

265 4013 358 4061 suisses.
386 4014 474 4060 Sensus
496 4023 545 4068 est,
567 4032 578 4052 ι
592 4023 719 4076 antequam
745 4023 771 4062 tu
815 4027 870 4077 tur,
888 4027 915 4066 ut
929 4040 940 4061 ι
953 4018 1034 4068 dicere
1053 4021 1084 4070 de
1101 4022 1196 4087 capias,
1211 4023 1243 4072 de
1256 4040 1321 4086 repe·

266 4103 331 4142 tusnt
343 4093 509 4140 auctoritatem
521 4089 670 4152 opponebas,
686 4102 768 4140 sucto-
816 4094 910 4156 tundis,
924 4108 969 4148 etc,
979 4120 991 4140 s
1002 4099 1033 4149 G,
