2744 4684
211 371 215 382 ’
256 353 326 442 452
644 354 881 426 EXCURSUS
907 353 936 423 1.

256 500 343 558 esse,
368 491 437 540 uta
457 475 545 538 nulla
561 496 597 538 re
612 475 691 556 alia,
715 477 777 539 nisi
799 476 840 539 ab
856 499 894 540 ea
914 477 985 564 ipsa
999 498 1072 563 quae
1090 475 1241 540 sensibus
1265 475 1323 540 ob·
1360 463 1361 468 ἵ

254 585 338 664 jecta
366 596 466 662 esset,
487 582 524 644 in
543 581 650 644 animo
669 597 803 669 possent
824 580 947 672 effingi.
980 581 1080 663 Quod
1097 580 1199 670 igitur
1218 585 1323 644 visam
1360 633 1361 636 ,

259 704 342 752 esset
360 685 536 768 ejusmodi,
548 702 589 749 ‘ut
605 686 635 749 ei
642 685 783 775 perfecte
795 686 896 750 simr'le
913 685 1017 769 aliud,
1035 687 1075 750 ab
1091 687 1202 751 aliare
1218 688 1321 768 nulia,

257 810 470 882 praeterquam
488 792 529 856 ab
547 815 583 856 ea
595 813 668 880 quaa
681 815 837 880 praesens,
854 810 887 857 et
902 793 1049 856 sensibus
1065 793 1211 872 subjecta
1225 811 1321 875 esset,

257 903 292 963 in
311 900 420 963 animo
440 915 550 989 posset
569 898 715 980 excitari,
732 897 767 964 id
782 899 1053 987 comprehensum
1072 921 1142 962 esse
1160 897 1322 963 dicebant

256 1007 318 1088 Ut,
332 1007 436 1068 otium
448 1006 546 1069 turris
559 1004 830 1093 comprehensum
842 1020 921 1068 tuno
933 1021 1103 1092 est,quurn
1114 1027 1153 1068 ex
1164 1005 1256 1068 nulia
1266 1005 1322 1068 alia

256 1113 339 1176 turri
356 1126 463 1200 potest
477 1112 512 1174 in
529 1112 638 1175 animo
653 1113 731 1175 oriri
744 1111 928 1200 perceptio,
941 1132 1012 1199 quae
1025 1111 1070 1172 illi
1085 1133 1222 1199 prorsus
1234 1113 1322 1174 omni

257 1241 296 1282 ex
312 1233 402 1305 parte
418 1215 622 1306 respondeat.
648 1217 746 1304 Atqui
762 1216 924 1304 negabant
939 1214 1120 1280 Academici
1144 1215 1229 1279 talia
1254 1219 1321 1280 visa

254 1345 347 1387 esse:
367 1345 428 1386 nec
447 1323 534 1386 enirn
557 1323 655 1386 uliam
682 1345 751 1386 esse
774 1323 1032 1411 perceptionem,
1058 1345 1077 1385 e
1100 1343 1136 1385 re
1158 1344 1254 1386 sensa
1274 1347 1321 1386 or·

255 1444 341 1510 tam,
358 1450 430 1515 quae
441 1449 509 1490 non
521 1442 638 1517 ‘posset
651 1427 781 1491 aliunde
799 1450 896 1514 quam
911 1427 1074 1492 simillima
1089 1427 1187 1510 oriri,
1206 1451 1321 1516 quem·

255 1533 432 1598 admodum
449 1535 546 1597 turris
558 1532 720 1620 quadratae
740 1535 861 1622 species
876 1532 1006 1598 videtur
1022 1534 1149 1598 eminus
1164 1536 1322 1621 spectanti
1360 1589 1361 1600 ,

255 1639 385 1720 eadem,
404 1661 475 1726 quae
490 1639 638 1703 cominus
651 1639 792 1703 intuenti
808 1637 968 1703 rotundae.

299 1743 404 1809 «Tota
427 1766 506 1833 ergo
527 1745 746 1808 controversia
761 1765 800 1808 eo
816 1743 960 1826 redibat,
976 1759 1015 1808 ut
1027 1763 1240 1833 quereremur,
1259 1747 1322 1837 pri·

256 1865 507 1931 mum,‘essetne
519 1847 678 1934 cujusque
693 1853 739 1945 rei
752 1861 870 1912 nutura
885 1847 1057 1936 singularis
1074 1867 1107 1914 et
1115 1854 1272 1938 proprisa,
1287 1867 1322 1913 ut
1360 1907 1361 1936 ,

256 1956 383 2020 animus
398 1975 469 2018 eam
489 1967 690 2041 perspectam
706 1974 725 2016 a
741 1953 854 2017 ceteris
875 1952 1028 2018 omnibus
1049 1971 1159 2042 posset
1175 1955 1320 2020 interno·

260 2083 368 2142 scere;
395 2059 535 2142 deinde,
557 2083 599 2124 an
617 2059 755 2124 uliares
783 2061 956 2148 imaginem
978 2083 1070 2124 suam
1090 2062 1136 2126 ita
1156 2063 1193 2125 in
1214 2063 1321 2126 animo

257 2167 425 2230 sentientis
449 2165 657 2255 exprimeret,
680 2181 734 2248 ut,
759 2187 831 2253 quae
848 2167 896 2229 rei
926 2183 1033 2230 essent
1055 2168 1271 2257 proprietates
1293 2185 1322 2233 et

260 2269 461 2351 discrimina,
484 2271 518 2334 in
541 2271 681 2359 imagine
708 2288 993 2355 conservarentur,
1020 2289 1194 2362 essentque
1214 2297 1321 2341 rerum
1360 2267 1361 2336 ἶ

258 2374 449 2457 simulacra,
467 2397 524 2438 seu
539 2377 611 2439 vr'so
628 2374 742 2441 eodem
763 2401 830 2464 quo
847 2400 897 2442 res
918 2377 995 2467 ipsae
1014 2378 1134 2461 modo,
1153 2381 1243 2446 inter
1257 2405 1321 2447 sese

260 2479 420 2545 distincta.
435 2480 586 2563 Quorum
601 2478 642 2544 de
656 2481 756 2545 altero
770 2482 1173 2569 Academicidubitabant,
1189 2486 1319 2552 alterum

258 2585 420 2674 negabant
433 2585 604 2650 omnino.»
985 2603 988 2610 ’
1360 2585 1361 2602 ’

301 2690 393 2755 ldem
412 2691 564 2772 Garvius,
581 2692 614 2754 in
633 2692 766 2757 Dissert
789 2693 854 2758 «de
873 2697 1040 2768 nonnuliis
1065 2717 1138 2786 quae
1159 2700 1319 2787 pertinent

258 2793 299 2860 aa
339 2795 477 2885 logicam
513 2796 914 2884 probabilium»,11alae,
948 2801 1049 2882 1568,
1071 2801 1111 2866 25
1141 2827 1214 2893 pag.
1237 2805 1319 2884 aa,

258 2901 331 2966 fuse
348 2901 520 2993 disputavit
544 2899 584 2966 de
600 2913 773 2986 ἀκατοληψία,
790 2927 862 2992 quae
882 2928 957 2972 cum
978 2908 1040 2972 hac
1060 2910 1195 2974 materia
1217 2910 1318 2975 arctis·
1360 2919 1361 2974 ὲ

259 3007 340 3072 sime
357 3023 407 3072 est
419 3007 901 3090 conjuncta.-Cujus'Dissertat.
916 3015 1078 3103 praecipua
1092 3016 1165 3080 loca
1180 3016 1317 3081 Hersen
1360 3005 1361 3088 ff

259 3113 396 3179 inseruit
413 3135 474 3179 suo
490 3115 741 3214 commentario,
758 3137 830 3205 pag.
842 3115 906 3194 462
919 3141 1006 3208 seqq.
