2776 4688
217 4227 223 4258 l

254 339 298 412 32
615 336 947 406 INTRODUCTIO.

254 481 358 550 graeco
378 479 487 535 more,
505 457 590 538 jacto
608 457 723 520 titione
743 454 828 518 inter
847 455 946 535 acies,
968 454 1314 541 praeliumcommittit

254 599 267 624 ο
279 565 425 655 Sapiens,
442 563 564 650 inquit,
587 583 655 625 non
673 561 866 625 assentietur
882 561 944 624 nisi
962 578 1136 649 percepto:
1159 561 1216 626 sed
1234 563 1318 626 nihil

253 668 405 760 estquod
420 667 541 758 percipi
556 666 678 756 possit:
697 665 779 730 nulli
794 687 872 754 ergo
888 665 1081 730 assentietur
1097 667 1240 754 sapiens,
1260 665 1319 732 sed

253 797 420 842 assensum
440 771 646 837 sustinebit.»
668 769 772 858 Negat
794 772 883 834 Zeno
902 771 1062 859 posterius
1081 771 1178 853 illud,
1196 773 1319 856 idest,

253 881 347 947 Nihil
353 878 479 970 percipi
485 925 494 959 ,
514 876 668 965 quoniam
687 874 809 964 aliquid
829 875 871 940 sit
890 875 980 963 quod
1002 877 1205 966 percipiatur.
1228 878 1321 960 Quid

252 987 333 1052 illud
348 986 404 1068 sit,
420 998 512 1073 rogat
528 982 694 1046 Arcesilas.
711 992 860 1044 Φοοτοιοίοι·
875 980 909 1046 id
925 998 990 1064 est,
1009 982 1134 1066 visum,
1149 984 1201 1048 rel
1217 984 1318 1067 visio,

233 1111 327 1176 ·aut,
347 1093 374 1156 si
395 1091 489 1155 liceat
509 1111 547 1153 eo
567 1089 667 1153 verbo
689 1089 751 1171 uti,
771 1093 977 1177 apparentia,
1003 1088 1068 1152 hoc
1088 1105 1153 1170 est,
1171 1087 1205 1153 id
1227 1089 1322 1177 quod

251 1213 399 1288 apparet,
424 1198 513 1259 Zeno
541 1193 595 1258 ait.
632 1195 781 1258 Omnene
805 1192 895 1280 quod
917 1209 1068 1282 apparet,
1091 1215 1190 1260 omne
1212 1195 1321 1260 visum

251 1326 365 1370 verum
387 1315 453 1382 est,
476 1315 572 1388 atque
593 1299 790 1388 percipitur?
811 1299 979 1388 subjungit
996 1299 1151 1365 Arcesilas
1171 1299 1229 1389 (r).
1253 1301 1323 1366 Ne·

252 1429 432 1497 quaquam,
459 1407 548 1468 Zeno
572 1404 766 1494 respondet;
788 1427 902 1470 verum
929 1406 1097 1493 phantasia
1126 1405 1196 1488 illa,
1219 1429 1322 1494 quam

251 1501 595 1602 comprehendi'dicO,
618 1511 686 1574 sola
706 1533 743 1574 ea
766 1525 831 1592 est,
855 1542 868 1567 ι
882 1533 955 1598 quae
977 1512 1131 1600 impressa
1156 1513 1198 1577 sit
1219 1528 1322 1599 atque

251 1618 356 1684 efficta
377 1639 417 1683 ex
439 1639 496 1699 co,
520 1614 611 1704 quod
637 1631 702 1698 est,
729 1637 793 1703 qua
816 1615 941 1679 ratione
964 1615 1045 1680 illud
1064 1633 1127 1699 est,
1150 1617 1323 1704 qualisque

250 1726 338 1790 nulla
347 1723 450 1813 possit
460 1721 572 1786 offerri
583 1743 623 1786 ex
635 1743 690 1804 eo,
703 1721 794 1809 quod
806 1735 932 1786 nonest
943 1719 1023 1809 (a)».
1036 1722 1134 1788 Recte
1145 1721 1322 1790 definitum

250 1832 408 1898 concessit
437 1828 609 1910 Arcesilam
638 1843 747 1892 tamen
776 1827 897 1891 nullam
928 1826 1087 1907 ejusmodi
1116 1829 1321 1916 phantasiam

251 1959 337 2021 esse,
353 1952 391 1999 ut
409 1957 476 1998 non
494 1931 605 1998 similis
622 1931 698 2009 alia,
718 1947 750 1996 et
766 1952 838 2020 quae
855 1933 897 1996 ab
908 1930 961 1994 illa
973 1954 1040 1997 nou
1057 1932 1269 2016 discernatur,
1286 1934 1322 1998 id

252 2058 316 2123 est,
334 2056 372 2104 ut
389 2041 536 2127 ipsorum
553 2037 658 2102 verbis
676 2037 860 2126 loquamur,
877 2047 1009 2118 ὁμοιοτάτη
1028 2048 1070 2102 καὶ
1089 2043 1230 2121 ἀδιάκριτος
1251 2040 1321 2128 (3),

251 2172 268 2212 a
290 2146 371 2210 falso
397 2145 491 2208 etiam
519 2143 616 2224 objici
636 2143 748 2231 possit.
775 2144 867 2207 Hanc
887 2144 1063 2230 speciosam
1088 2144 1164 2210 belli
1188 2167 1321 2212 causam

251 2253 313 2342 ipsi
339 2249 524 2316 Academici
554 2264 695 2312 narrant.
721 2248 821 2330 Quod
848 2249 875 2312 si
899 2248 949 2330 id,
977 2247 1067 2336 quod
1093 2251 1132 2314 D.
1161 2253 1322 2340 Augusti-

251 2379 313 2422 nus
329 2356 376 2445 (4)
395 2354 513 2436 credit,
537 2375 652 2418 vemm
678 2354 719 2419 sit
741 2354 1010 2437 existimandum,
1034 2356 1201 2420 honestior
1221 2359 1320 2422 etiam

251 2464 398 2531 Arcesilae
430 2480 461 2528 et
495 2461 763 2528 Academicorum
795 2485 889 2528 causa
919 2479 993 2545 est,
1027 2486 1124 2552 quam
1153 2466 1205 2530 vel
1230 2465 1320 2554 ipsos

251 2595 311 2662 ego
327 2571 467 2636 voluisse
482 2566 685 2634 crediderim.
704 2570 760 2634 Ait
775 2571 881 2634 enim:
900 2591 1003 2657 quum
1020 2571 1124 2654 Zeno,
1140 2593 1159 2634 a
1174 2570 1319 2638 Platonis

250 2678 500 2766 Polemonisque
519 2675 661 2764 magistri
678 2676 836 2740 sententia
852 2692 961 2763 aperte
980 2673 1165 2759 discedens,
1182 2677 1266 2742 nihil
1284 2679 1319 2743 in

251 2807 358 2848 rerum
378 2800 493 2848 natura
510 2799 627 2870 praeter
645 2804 781 2870 corpora
796 2805 864 2847 esse
881 2781 1089 2867 concederet,
1108 2801 1147 2848 ut
1162 2799 1194 2848 et
1209 2785 1319 2872 ipsum

250 2889 348 2956 deum
368 2889 558 2975 animosque
578 2910 714 2975 corpora
738 2911 807 2952 esse
827 2887 964 2971 diceret,
986 2889 1177 2972 Arcesilam,
1198 2891 1317 2974 celata,

252 3017 415 3090 tamquam
455 2997 608 3086 mysterio
648 2998 826 3084 quopiam,
862 2997 903 3061 de
935 3001 973 3062 iis
1004 3023 1076 3087 quae
1107 3001 1320 3090 intelligentia

249 3105 483 3195 percipiuntur,
501 3099 590 3165 etde
609 3101 727 3188 quibus
747 3103 822 3166 solis
843 3101 975 3166 scientia
993 3127 1132 3192 veraque
1151 3109 1319 3194 perceptio

249 3234 318 3277 csse
347 3225 472 3298 potest,
503 3206 645 3271 Platonis
679 3207 851 3291 sententia,
886 3231 990 3296 quum
1020 3210 1101 3274 nihil
1131 3233 1150 3274 a
1184 3214 1320 3278 Zenone

250 3315 397 3380 relictum
429 3311 572 3388 rideret,
606 3311 646 3376 de
678 3335 745 3399 quo
776 3314 930 3400 opinione
963 3315 1099 3404 amplius
1132 3313 1213 3403 quid
1247 3340 1320 3383 csse

250 3434 375 3510 posset,
391 3416 715 3505 comprehensionem
732 3439 864 3481 omnem
884 3419 1009 3507 optimo
1025 3420 1318 3502 jure,.secundunr

250 3523 392 3590 Platonis
424 3521 570 3602 decreta,
601 3522 828 3611 impugnasse,
861 3545 921 3587 nec
949 3526 1169 3613 cognitionem
1200 3527 1318 3611 aliam,

248 3653 347 3720 quarn
364 3627 568 3716 opinionem,
588 3628 712 3693 Zenoni
733 3627 910 3693 concedere
928 3631 1077 3696 voluisse.
1102 3632 1214 3715 Quum
1236 3657 1317 3698 vero

283 3815 323 3884 (r)
342 3815 428 3863 Cicero
439 3812 466 3860 in
479 3811 597 3860 Lucullo:
612 3833 624 3854 ι
632 3813 670 3859 De
682 3811 728 3860 hac
741 3809 883 3861 delinitione
893 3814 994 3863 inferius
1005 3833 1132 3881 agemoau.
1143 3821 1259 3868 Vsum.

284 3903 320 3972 (a)
340 3906 371 3952 D.
385 3903 489 3965 August.
503 3901 793 3962 renumerantur,
806 3918 860 3967 cap.
871 3919 905 3966 9,
921 3902 936 3968 S
948 3905 996 3965 18,
1009 3917 1068 3956 tom.
1078 3907 1100 3952 l.

281 3993 319 4056 (3)
337 3991 462 4056 Epictetus
477 3990 587 4050 Art-iani,
606 3989 650 4038 lib.
664 3993 704 4049 11,
719 4007 774 4056 cap.
784 4007 835 4050 ao,
850 4007 906 4056 pag.
918 3994 978 4041 2³6.
1097 3993 1100 4002 '

282 4081 320 4148 (t)
337 4081 429 4131 Contra
437 4077 513 4129 lead.
522 4079 577 4142 Ill,
594 4093 649 4142 cap.
660 4095 700 4140 17,
712 4077 728 4141 §
739 4075 781 4140 37,
794 4080 841 4140 38,
862 4081 910 4150 391,
923 4091 984 4129 torn.
997 4081 1017 4126 1.
