2770 4688
281 383 322 452 P.
349 381 590 454 VALENTIAE
615 381 892 452 ACADEMICA.
1077 383 1124 456 33

69 505 143 572 Zeno
162 505 286 595 opinari
308 505 514 594 prohiberet,
538 507 696 571 Arcesilas
721 505 838 570 merito
859 505 1004 570 assentiri
1026 507 1122 575 etiam

68 615 161 678 vetnit.
177 614 262 678 Nam
276 611 319 677 de
333 613 544 701 corporibus,
557 612 591 677 id
605 629 669 695 est,
684 635 753 678 non
766 613 848 678 veris
861 615 976 697 rebus,
993 617 1123 705 opinio,

68 741 122 784 non
141 720 273 784 scientia
297 734 355 782 aut
379 741 453 783 vera
478 719 745 808 comprehensio,
771 735 828 785 est.
855 719 1020 786 Platonica
1045 745 1123 813 ergo

69 823 220 914 dogmata,
236 823 507 890 Academicorum
523 824 650 890 decreta
669 827 766 890 fuisse
782 827 985 916 Augustinus
998 827 1045 918 (ι)
1063 828 1124 894 sibi

67 932 226 1017 persuasit,
251 953 324 1019 quae
350 947 459 994 tamen
480 931 540 1018 ipsi
561 930 719 1013 celarent,
745 953 848 1010 «nec,
871 947 910 995 ut
932 933 1123 999 Ciceronem

68 1037 215 1125 scripsisse
227 1052 376 1118 testatur,
391 1059 428 1100 ea
444 1037 568 1123 aperire
579 1037 720 1101 solerent
730 1037 816 1120 aliis,
831 1057 929 1126 quam
943 1038 1000 1127 qui
1014 1047 1123 1103 sedum

67 1140 100 1204 ad
121 1157 323 1207 senectutem
350 1163 455 1228 usque
477 1140 630 1206 vixissent
649 1173 672 1205 ι.
699 1141 822 1206 Verum
844 1142 1010 1207 enimvero
1032 1163 1124 1208 notre

69 1247 234 1312 Academiae
243 1247 405 1312 rationem
417 1247 615 1328 universam,
625 1270 728 1336 quum
739 1247 780 1312 ad
791 1247 1125 1330 Carneadem,rerum
1145 1247 1147 1254 ’

68 1351 126 1432 ejus
138 1370 325 1434 auctorem,
341 1369 478 1417 ventum
490 1353 606 1436 fuerit,
623 1353 861 1418 describemus:
874 1373 1015 1442 namque
1026 1355 1126 1420 Arce·

68 1456 143 1522 silam
160 1458 206 1548 (a)
225 1479 355 1522 merum
365 1456 587 1545 Pyrrhonium
607 1458 669 1523 sub
680 1457 865 1523 Academici
881 1459 1014 1524 nomine
1027 1459 1126 1524 fuisse

67 1563 197 1651 plerique
212 1584 330 1626 omnes
351 1560 563 1627 tradiderunt.
589 1561 702 1626 Sextus
715 1561 761 1650 (3)
779 1585 928 1652 magnam
947 1563 1008 1627 sibi
1024 1563 1128 1628 videri

70 1669 172 1736 babere
180 1671 358 1735 Arcesilam
366 1691 442 1734 cum
454 1670 712 1758 Pyrrhoniorum
721 1670 828 1734 verbis
840 1669 1029 1734 affinitatem
1039 1669 1127 1754 dicit,

69 1777 104 1840 ita
116 1793 152 1842 ut
167 1777 284 1842 eadem
299 1774 541 1865 propemodum
558 1774 726 1864 disciplina
745 1773 812 1854 ejus
831 1775 872 1839 sit
886 1797 924 1840 ac
942 1774 1128 1863 Pyrrhonis.

71 1883 241 1950 Numenius
262 1881 352 1972 apud
371 1881 550 1946 Eusebium
561 1881 628 1970 (A),
649 1881 824 1944 Arcesilam
844 1897 877 1945 et
897 1881 1076 1963 Crantoris,
1096 1897 1130 1946 et

71 1989 274 2078 Theophrasti
280 1987 598 2076 Diodorique,atque
605 1986 781 2075 Pyrrhonis
791 1985 1129 2077 disciplinaimhutum

72 2112 98 2160 et
107 2113 263 2161 armatum
281 2093 322 2159 ad
337 2093 553 2184 pugnandum
568 2115 643 2158 curn
661 2095 792 2157 Zenone
805 2089 851 2182 (5)
861 2094 1045 2174 accessisse,
1056 2097 1131 2161 scri·

71 2201 122 2285 bit;
138 2223 272 2283 rerum,
287 2217 404 2290 praeter
420 2217 676 2292 cognomentum
694 2199 892 2282 Academici,
910 2199 1130 2289 Pyrrhonium
1226 2189 1228 2193 ¹

71 2307 467 2396 perseverassezahinaseas
477 2329 566 2397 ergo,
573 2306 884 2394 inquitNumenius,
893 2305 1131 2372 etPhilomelus

72 2417 194 2480 ct'l'imo
201 2415 358 2506 Sceptici,
368 2414 552 2502 Scepticum
562 2435 638 2478 eum
648 2412 897 2502 cognominant,
910 2412 1019 2500 quales
1029 2428 1061 2477 et
1069 2413 1132 2504 ipsi

71 2523 225 2611 erant,qui
240 2521 338 2586 etiarn
351 2521 421 2608 ipse
431 2541 546 2584 rerum
558 2533 591 2582 et
604 2519 721 2584 falsum
731 2567 740 2593 ,
752 2533 784 2582 et
793 2517 961 2606 probabile
974 2519 1132 2584 tolleret».

72 2627 248 2692 Academici
281 2641 391 2690 autem
427 2623 746 2713 cognominationem
778 2617 912 2713 propter
947 2621 1132 2689 Polemonis

72 2735 202 2823 magistri
212 2730 446 2812 reverentiam,
459 2729 631 2795 retinuisse
643 2729 753 2812 illum,
768 2727 951 2794 Numenius
968 2731 1027 2794 ait'
1037 2729 1134 2793 Nam·

73 2859 127 2924 que
141 2840 188 2922 ei,
203 2835 297 2926 quod
308 2834 437 2900 Diocles
453 2832 591 2899 Gnidius
603 2834 637 2897 in
653 2832 798 2898 diatribis
814 2837 972 2926 scriptum
988 2833 1133 2922 reliquit,

74 2943 195 3010 minime
221 2965 257 3008 se
282 2939 380 3005 fldem
403 2939 540 3021 babere3
564 2938 704 3004 scribere
726 2960 803 3004 vero
825 2941 935 3024 illum,
962 2940 1135 3005 Arcesilam

73 3049 125 3112 sibi
139 3063 307 3115 caventem
323 3063 415 3111 metu
429 3043 705 3110 Theodoreeorum
724 3046 941 3134 sophistarum
956 3069 993 3109 ac
1007 3045 1134 3127 Bionis,

75 3156 123 3240 qui
136 3155 247 3220 onmia
257 3153 408 3219 omnium
419 3150 691 3242 philosophorum
705 3149 833 3215 decreta
844 3151 934 3214 nullo
948 3149 1133 3216 discrimine

76 3261 295 3352 impugnarent
305 3282 343 3324 ac
353 3257 561 3348 pertinaciter
572 3257 743 3338 instarent,
756 3256 883 3322 nullum
899 3255 1017 3345 dogma
1027 3258 1134 3346 palam

75 3381 203 3432 sumere
220 3389 355 3448 ausum,
370 3363 428 3429 sed
446 3363 587 3453 epoche,
605 3379 643 3428 ut
658 3363 829 3428 atramenti
845 3361 1005 3427 effusione
1020 3363 1133 3452 sepiar,

76 3495 136 3540 sese
144 3475 340 3555 occultasse,
352 3488 385 3537 et
397 3486 507 3538 tutum
523 3469 709 3536 delitescere
721 3471 871 3538 voluisse.
884 3471 984 3556 Quin,
998 3488 1031 3536 et
1044 3471 1136 3561 quod

76 3580 177 3646 Cicero
192 3581 263 3671 ipse
279 3579 321 3645 de
334 3601 374 3644 eo
390 3577 531 3668 scripsit,
548 3577 697 3667 Sceptico
713 3577 813 3667 magis
830 3600 928 3668 quam
943 3577 1135 3644 Academico
1194 3603 1197 3610 ·

107 3766 143 3834 (r)
159 3769 250 3820 &ntra
263 3766 343 3819 Acad.
353 3767 405 3827 ΠΙ,
418 3781 473 3830 cap.
485 3771 529 3828 so,
542 3763 557 3830 ς
569 3765 616 3827 43,
628 3775 690 3814 tour.
699 3767 720 3812 1.

107 3855 143 3920 (a)
160 3855 279 3924 Aroesilm
291 3855 447 3924 Pyrrbonius
460 3851 583 3920 plerisque
595 3852 709 3902 babetur.
721 3853 837 3903 Vsum.

108 3944 144 4012 (3)
159 3948 318 4013 Hypotypoa.
330 3948 359 4006 1,
373 3945 406 3993 33
416 3975 427 4002 ,
439 3954 498 3997 sset.
508 3943 573 4004 ada,
587 3957 643 4008 pag.
653 3941 696 3990 ⁶1.

108 4031 143 4100 (t)
159 4035 238 4102 Praep.
249 4035 294 4084 Er.
306 4033 352 4084 lib.
364 4033 437 4093 xlv,
450 4047 505 4096 cap.
516 4030 541 4093 5,
556 4045 614 4096 pag.
624 4045 688 4094 μς,
708 4037 732 4077 et
745 4043 800 4094 cap,
810 4025 841 4089 d,
853 4043 910 4094 pag.
927 4031 992 4093 731¹,
1005 4031 1030 4078 b.

109 4117 146 4184 (5)
162 4121 223 4171 Vide
236 4121 378 4182 taeniam,
390 4117 503 4184 pembr,
517 4116 543 4166 in
555 4115 677 4176 hulla,
691 4113 734 4166 lib.
745 4116 792 4179 Π,
805 4124 1015 4182 ρις.ι44ουη.

144 4211 169 4278 l.
186 4225 230 4273 cte.
238 4241 295 4288 para
312 4197 389 4269 Arre.
434 4273 439 4285 1
997 4201 1018 4273 3
