2764 4688
218 317 284 417 196
563 303 937 380 uxounsusrv.

121 465 127 474 ·
211 445 282 524 bit,
300 459 408 526 neque
426 434 487 500 erit
502 431 585 512 iusta
603 429 707 510 ratio,
733 448 792 490 cur
809 447 885 489 cum
914 417 1029 486 eodem
1046 417 1177 482 Dariaio
1196 415 1297 505 apud

213 551 299 614 Sext.
325 546 418 632 Emp.
437 538 553 629 Pyrrh.
568 536 641 616 ΙΙΙ,
659 555 738 621 191,
754 540 789 593 τὰ
812 539 897 597 ἱκανὴν
923 535 1031 600 ἀπιξίαν
1056 535 1143 602 fretra
1164 520 1297 610 oorrigi

213 653 312 718 malis.
330 650 490 716 Gounnnz.

214 859 260 878 Μ
263 829 1290 879 mmmmmmmmmmm

422 1013 1026 1132 ‘EXCURSUSIV

422 1270 457 1317 Ad
470 1285 496 1316 ea
508 1265 629 1314 Ciceronis
640 1262 726 1316 verba,
737 1259 809 1307 dead.
824 1259 862 1310 ll,
877 1255 918 1301 lib.
930 1255 955 1308 l,
975 1251 991 1316 s
1003 1251 1033 1314 39
1044 1253 1084 1300 lin.

533 1425 641 1501 Officia
643 1465 699 1486 ......
707 1421 806 1478 media
818 1416 971 1494 putabant.

612 1620 898 1650 ψ

265 1819 365 1881 Recte
383 1809 483 1888 iacta,
501 1809 685 1884 κὰτοροώματα
696 1795 856 1861 vorabant
869 1791 986 1874 Stoici,
1002 1788 1113 1879 officia
1123 1813 1203 1856 vero
1217 1801 1304 1858 »aol-

223 1950 312 1994 ιιοντα,
330 1937 432 2003 eaque
448 1927 497 1974 τῶν
513 1921 594 1989 pleat
611 1926 680 1969 esse
697 1896 949 1968 contendebant.
969 1895 1057 1960 Audi
1075 1897 1142 1962 Cic.
1163 1894 1204 1962 de
1221 1899 1303 1963 Fin.

222 2027 279 2092 lib.
298 2023 360 2102 ΙΙΙ,
382 2041 432 2105 17,
449 2038 521 2106 pag.
534 2013 617 2092 340,
635 2007 686 2074 ed.
702 2006 825 2088 Bromi,
842 2034 855 2060 ι
866 2001 930 2068 Sed
947 2024 1073 2091 quum,
1091 2001 1181 2092 quod
1197 2003 1307 2068 Itone-

110 2215 114 2226 ·
223 2145 305 2196 stum
320 2128 379 2206 sit,
398 2121 433 2186 id
450 2119 553 2184 solum
575 2118 689 2182 bonum
711 2135 781 2178 esse
796 2109 959 2190 dicamus,
975 2125 1235 2173 consentaneum
1255 2126 1309 2174 ta·

225 2259 301 2301 men
320 2248 387 2313 est,
404 2227 498 2316 fungi
516 2223 638 2312 officio,
658 2242 760 2310 quum
779 2217 813 2282 id
829 2215 973 2306 officium
992 2237 1054 2279 nec
1071 2215 1105 2278 iu
1122 2215 1219 2280 bonis
1238 2239 1308 2304 po-

227 2361 359 2420 namus,
374 2358 435 2400 nec
457 2334 491 2396 in
509 2330 611 2396 malis.
626 2329 685 2392 Est
700 2327 787 2390 enim
803 2321 927 2412 aliquid
943 2321 976 2385 in
994 2321 1046 2385 his
1062 2321 1161 2386 rebus
1175 2323 1307 2409 proba·

229 2446 308 2528 hile,
325 2459 358 2508 et
383 2437 518 2529 quidem
540 2437 604 2516 ita,
630 2449 668 2497 ut
693 2432 763 2512 ejus
787 2429 870 2493 ratio
891 2425 984 2491 reddi
1005 2427 1127 2515 possit3
1146 2449 1243 2516 ergo,
1263 2445 1309 2494 ut

230 2553 327 2620 etiam
344 2544 557 2638 probabiliter
582 2539 645 2604 acti
672 2537 754 2602 ratio
777 2532 870 2599 reddi
889 2527 1002 2622 possit.
1024 2533 1083 2596 Est
1100 2548 1210 2596 autem
1229 2529 1310 2620 offi-

230 2661 328 2738 cium,
346 2649 438 2742 quod
459 2648 502 2712 ita
524 2645 732 2724 factumest,
757 2655 796 2705 ut
818 2637 886 2718 ejus
913 2637 989 2701 lacti
1013 2635 1191 2723 probabilis
1217 2645 1310 2704 ratio

232 2760 326 2829 reddi
343 2755 455 2847 possit.
472 2753 523 2817 Ex
538 2773 605 2839 quo
622 2745 823 2834 intelligitur,
834 2741 974 2831 officium
984 2741 1120 2807 medium
1134 2741 1309 2831 quoddam

235 2891 318 2952 ease,
338 2860 429 2953 quod
446 2879 554 2947 neque
571 2856 606 2919 in
626 2853 722 2947 bonis
741 2865 893 2940 ponatur,
916 2869 1023 2936 neque
1043 2847 1077 2912 in
1097 2851 1309 2917 contrariis».

235 2969 317 3034 Coll.
332 2965 428 3054 Diog.
447 2961 549 3024 Laert.
563 2958 620 3022 ΙΙΙ).
632 2956 710 3037 VII,
728 2948 908 3037 s.107:lira
926 2953 957 3010 dl
981 2960 1084 3017 καθῆκόν
1106 2979 1179 3031 φασιν
1198 2955 1277 3029 εἶναι,
1295 2966 1308 3017 l

235 3079 343 3151 πραχθὲν
357 3073 451 3146 ιῦλογόν
464 3089 521 3125 τινα
534 3071 598 3138 ἴσχιι
613 3063 789 3136 ἀπολογισμόν·
806 3067 838 3116 et
856 3048 897 3113 de
912 3049 1069 3132 Finibus,
1091 3050 1147 3116 ΙΙΙ),
1169 3053 1237 3136 ΙΙΙ,
1268 3055 1311 3120 18

239 3177 323 3264 (pag.
340 3173 399 3250 341
415 3219 424 3253 ,
440 3165 516 3233 edit.
529 3158 732 3248 Turieens.):
753 3154 924 3221 “Videmus
938 3177 1008 3219 esse
1025 3155 1198 3244 quiddam,
1215 3160 1313 3247 quod

240 3295 327 3344 recte
339 3276 459 3341 lactum
478 3270 705 3360 appellemus...
731 3263 911 3354 perlectum
928 3257 1093 3345 officium,
1118 3264 1180 3327 erit
1196 3281 1312 3330 autem

243 3385 339 3448 etiam
355 3381 565 3459 inchoatum,
584 3391 665 3440 ete.»
679 3371 752 3436 coll.
764 3369 921 3456 Heusing.
942 3364 983 3430 ad
997 3367 1091 3434 Offie.
1102 3367 1158 3435 lib.
1173 3372 1206 3453 1,
1225 3370 1246 3434 3
1259 3395 1312 3461 sq.

243 3491 395 3553 Ceterum
412 3484 497 3548 bene
514 3482 664 3547 observat
675 3477 798 3542 Bremi:
811 3479 931 3571 duplex
945 3497 1014 3545 esse
1028 3485 1174 3547 καθήκοντος
1189 3499 1314 3565 genus,

245 3593 381 3658 alterum
394 3601 497 3655 καθῆκον
511 3597 602 3667 μέσον,
618 3585 754 3649 alterum
768 3597 934 3667 κατόρθωμα,
952 3608 978 3650 s.
995 3579 1210 3671 reetesaetum
1225 3583 1315 3648 Cice·

246 3697 321 3762 roni
345 3691 548 3782 appellatum.
576 3689 664 3754 Illud
684 3705 793 3753 autem
805 3718 828 3752 κ.
842 3720 870 3771 μ.
888 3712 1050 3753 commune
1066 3685 1223 3776 officium.
1250 3687 1315 3753 Sed

248 3805 314 3869 hoe
331 3809 429 3881 κατόρθ.
446 3795 574 3884 abipso
589 3797 717 3861 virtutis
734 3796 826 3860 fonte
848 3795 1001 3884 profluit,
1017 3796 1106 3860 velut
1126 3793 1237 3882 liquor
1252 3795 1316 3859 illi·

249 3909 327 3984 mis,
343 3902 455 3969 nitidis
471 3919 640 3990 argenteus
658 3901 765 3967 undis.
781 3902 908 3993 Agmen
925 3898 1052 3966 claudat
1067 3901 1200 3970 testium
1218 3899 1316 3982 hujus

250 4013 393 4082 notionis
419 4009 567 4075 Stoboeus
594 4007 787 4074 Sermonum
815 4009 870 4074 lib.
896 4012 948 4092 11,
976 4031 1049 4098 pag.
1073 4011 1157 4095 174,
1184 4007 1315 4073 Cantor.
