2756 4692
471 381 734 482 ranaooxn
883 413 887 422 ,
1063 381 1130 482 537

60 503 122 572 vix
146 517 278 599 potest
301 507 397 599 Ergo
416 499 486 572 boc
507 503 716 598 proposito,
734 525 932 600 numquam
951 509 1020 576 eris
1036 505 1134 580 dives

59 627 172 702 ante,
201 637 312 711 quam
333 610 400 682 tibi
422 635 466 682 ex
487 613 559 682 tuis
581 610 866 710 possessionibus
885 627 1028 684 tantum
1047 615 1131 688 refi-

62 727 184 795 ciatur
195 717 241 812 ²⁸,
254 738 296 793 ut
308 747 353 793 eo
369 725 463 794 tueri
475 731 508 780 ²⁹
527 746 588 794 sex
609 723 769 818 legiones
777 719 823 809 ³⁰,
842 737 878 794 et
896 747 1023 819 magna
1036 729 1135 822 equi-

62 849 144 904 tum
158 859 202 904 ac
216 834 377 932 peditum
396 833 526 904 auxilia
543 837 669 931 possis.
687 838 763 904 Jam
778 831 900 906 fateris
914 837 1042 932 igitur,
1058 861 1134 908 non

63 967 144 1014 esse
169 958 207 1014 te
231 941 438 1032 divitem³¹,
466 946 526 1013 cui
544 957 684 1014 tautum
709 943 819 1029 desit,
856 957 896 1014 ut
914 944 1059 1041 expleas
1078 945 1136 1032 id,

62 1051 168 1148 quod
189 1067 347 1151 exoptas.
374 1057 500 1150 ltaque
516 1053 620 1124 istam
638 1067 909 1150 paupertatem,
930 1053 988 1125 vel
1014 1057 1136 1153 potius

63 1177 263 1260 egestatem
284 1187 326 1236 ac
348 1161 617 1236 mendicitatem
638 1177 736 1236 tuam
756 1187 957 1262 numquam
980 1164 1136 1238 obscure

65 1272 186 1344 tulisti
196 1269 239 1342 ³².

117 1387 163 1452 ll.
191 1387 281 1454 Nam
300 1398 342 1454 ut
367 1385 427 1474 iis,
450 1387 513 1482 qui
532 1385 685 1457 honeste
710 1410 787 1456 rem
811 1393 980 1484 quarunt
1005 1411 1136 1458 merca·
1155 1415 1189 1475 ro

67 1494 164 1564 turis
200 1491 403 1582 faciendis,
437 1496 555 1593 operis
591 1493 716 1566 dandis
734 1503 765 1583 ¹,
800 1493 954 1592 publicis
994 1519 1137 1568 sumen-

104 1665 151 1712 28.
162 1665 265 1712 Tenum
275 1663 409 1732 reficietur.
419 1668 450 1715 ll.
459 1683 480 1714 e.
490 1675 583 1716 tentum
664 1666 705 1713 32.
718 1665 860 1730 Numquam
871 1665 972 1714 obscure
984 1664 1068 1715 natisn.
1078 1669 1140 1714 Ver-

67 1742 183 1806 pecunie
201 1739 320 1790 efficiatur
342 1759 384 1792 seu
401 1744 535 1804 redundet,
556 1757 585 1795 ut
627 1745 659 1792 tit
673 1745 777 1808 interpr.
799 1743 927 1793 Gallicus:
950 1765 961 1786 ι
972 1743 1041 1793 Vons
1058 1744 1140 1793 n'sves

68 1823 142 1869 verr.
157 1823 207 1880 111,
223 1821 265 1882 50,
276 1837 345 1885 119:
361 1844 373 1866 ι
383 1824 468 1872 villico
481 1825 585 1874 delecte·
625 1823 709 1884 jsmais
718 1821 792 1870 oscbe'
802 1822 915 1870 combieu
924 1837 986 1870 vous
994 1821 1056 1872 e'ties
1065 1823 1141 1889 imps-

69 1910 126 1958 tur,
144 1899 215 1964 quod
232 1911 301 1950 teuto
319 1901 366 1950 sibi
394 1903 450 1967 plns
465 1903 585 1952 mercedis
627 1901 688 1950 sient
699 1901 729 1950 de
738 1911 801 1950 cette
809 1901 926 1965 pauvretl
936 1921 957 1950 υ.

67 1995 102 2026 ex
117 1978 197 2028 tundo
209 1979 325 2028 refectum
338 1981 369 2030 sit
379 2003 401 2031 n.
417 1984 497 2030 Varro
507 1985 537 2032 ll.
551 1985 583 2032 li.
662 1983 695 2029 Il.
718 1995 740 2029 1.
762 1979 846 2044 Operis
863 1979 959 2029 dandis.
982 1980 1032 2028 Atti
1050 1997 1140 2030 mercs-

70 2061 96 2116 1,
117 2073 142 2118 s,
162 2059 200 2106 8:
220 2059 321 2108 sNemo
339 2062 403 2108 enim
422 2077 494 2110 unus
513 2062 586 2112 debet
626 2069 691 2108 tusas
713 2059 819 2118 iaciunt,
841 2059 882 2106 elii
905 2073 1003 2124 operam
1025 2059 1083 2109 dant
1103 2061 1141 2108 is·

69 2137 134 2184 velle
144 2137 278 2202 impensam
291 2153 320 2188 sc
334 2152 457 2205 sumptum
468 2143 545 2190 lacere
558 2141 585 2190 in
626 2123 753 2186 cientibus.
772 2135 821 2184 Sed
834 2137 875 2185 bic
888 2138 919 2185 de
932 2139 1013 2202 operis
1028 2139 1142 2188 universe

68 2216 211 2279 culturam,
222 2218 244 2265 si
255 2217 323 2266 videt
336 2234 386 2267 non
400 2235 472 2282 posse
485 2219 551 2267 refici
561 2241 584 2268 s.
626 2216 744 2282 loquitur,
758 2232 814 2280 ques
831 2217 862 2264 sd
879 2233 930 2266 rem
944 2217 1079 2267 faciendam
1096 2219 1142 2268 im·

70 2293 138 2346 Cot.
152 2296 242 2347 Duisb.
255 2309 349 2346 munem
360 2295 583 2364 reformandus.
626 2296 776 2361 penduntur.
795 2297 853 2344 Late
867 2296 932 2344 enim
946 2307 1012 2360 petet
1025 2297 1078 2346 huc
1092 2315 1143 2347 vox

107 2389 154 2438 ²9·
174 2378 212 2424 Eo
228 2375 295 2425 beeri.
309 2377 372 2427 Edd.
386 2387 446 2428 vett.
464 2378 586 2442 pleraque
628 2385 653 2424 et
660 2373 692 2424 sd
700 2373 828 2439 quodlibet
836 2390 912 2438 genus
919 2376 1071 2424 tranfertur.
1077 2377 1143 2426 Vide

70 2464 95 2502 et
107 2455 183 2503 iidem
201 2455 275 2504 codd.
289 2471 352 2518 quos
363 2457 448 2521 paullo
463 2467 518 2506 sote
534 2457 586 2506 dixi
627 2454 696 2502 Orat.
712 2469 758 2518 pro
776 2455 895 2512 Murena,
910 2471 966 2520 cap.
988 2472 1013 2518 9.
1031 2459 1143 2505 Fece.-

70 2534 163 2582 bsbere
174 2551 208 2582 em
220 2534 280 2592 suis,
298 2545 445 2600 praeponunt
458 2553 504 2595 ετ,
518 2537 587 2600 quod
629 2533 712 2596 Quum
728 2531 807 2582 Aldus
820 2532 899 2598 operis
912 2533 1003 2582 dandis
1017 2535 1143 2598 exposuis-

70 2625 139 2662 reete
163 2613 231 2662 abest
252 2629 268 2661 s
293 2613 376 2662 decem
398 2614 456 2663 Ald.
478 2615 587 2680 quinque
628 2621 665 2660 set
681 2610 799 2660 mercedis
816 2627 891 2660 reuss
904 2612 1060 2662 inserviendo
1073 2614 1142 2676 uliis;
1217 2619 1219 2624 '

71 2693 138 2740 On.
148 2691 188 2740 ed.
195 2695 282 2742 Venet.
294 2693 370 2752 1487.
380 2693 502 2742 Genesium
511 2695 588 2744 miror
629 2690 833 2754 Sylvius,operss
843 2705 897 2737 suas
907 2689 950 2754 (C.
958 2693 1034 2754 Lsng.
1040 2691 1143 2757 intellig.

70 2771 189 2818 hocloco
199 2771 282 2818 tulisse
292 2771 418 2831 voculam,
429 2787 503 2836 quam
513 2789 587 2838 suprs
629 2785 754 2818 servorum
768 2767 873 2834 operas)
891 2769 1015 2818 locando:
1034 2772 1144 2820 Graevius

72 2849 204 2898 deleverat.
217 2851 301 2898 Gru.
566 2869 571 2880 ·
627 2847 739 2911 putsvit,
754 2861 862 2910 «aperus
874 2846 935 2895 dare
948 2847 988 2896 hic
999 2863 1051 2896 esse
1063 2850 1144 2914 publi-

108 2932 153 2978 ³0.
178 2931 228 2977 Sex
251 2927 366 2994 legiones.
389 2915 587 2978 Totidem‘entm
629 2926 696 2974 esuis
714 2926 819 2986 urrire,
845 2935 887 2973 sut
909 2941 961 2973 esee
985 2926 1143 2991 publicanum

71 3009 213 3073 legionibus
218 3008 299 3068 justus
309 3008 430 3056 exercitum
438 3024 469 3057 eo
480 3018 588 3073 tempore
630 3005 700 3070 (buc
716 3014 796 3052 sutem
810 3005 893 3068 potius
906 3004 1011 3068 pertinet
1028 3023 1081 3070 seq.
1096 3023 1145 3072 pu-

73 3087 210 3136 constubst.
224 3089 297 3134 Fscu.
309 3113 343 3123 -
357 3088 406 3134 Sex
416 3087 484 3136 abest
493 3087 523 3136 sb
537 3105 588 3138 uno
632 3085 698 3134 tltets
704 3082 853 3147 sumendis).
864 3085 915 3133 Cic.
922 3101 962 3149 ep.
970 3084 1001 3132 sd
1008 3085 1065 3134 niv.
1073 3087 1145 3147 1111,

73 3169 125 3215 Ox.
144 3166 270 3214 Manutius
284 3161 368 3214 invitis
384 3167 433 3214 suis
451 3167 588 3216 octodecim
631 3166 665 3214 65
681 3179 688 3213 :
709 3163 769 3212 Cum
789 3165 817 3210 Ρ.
839 3163 948 3212 Terentio
962 3162 1087 3228 Hispone,
1101 3165 1147 3230 qni

72 3247 144 3294 libris
163 3255 233 3310 putat
251 3245 381 3315 legendnm
403 3261 454 3294 uon
477 3249 526 3306 71,
545 3247 588 3296 sed
631 3260 717 3308 operas
730 3242 887 3305 inscriptura
895 3258 942 3307 pro
956 3242 1069 3307 magum
1083 3244 1143 3304 dut,

73 3329 89 3374 1
90 3330 116 3372 V
122 3325 242 3391 legiones,
252 3341 266 3372 e
275 3325 365 3389 quibus
374 3327 494 3374 exercitus
502 3327 589 3391 populi
631 3322 692 3372 mitt
702 3338 798 3372 sumina
807 3319 969 3386 faenilian'tas
986 3323 1146 3372 consuetudo·

73 3409 148 3454 Rom.
158 3405 308 3466 eonstiterit3
317 3404 348 3452 de
355 3420 405 3468 quo
412 3405 481 3469 plurs
493 3405 589 3454 monuit
631 3419 679 3467 que
691 3413 739 3458 est,
754 3402 772 3451 i.
786 3417 806 3454 e,
820 3400 863 3464 qui
874 3401 978 3448 vicatim
989 3410 1025 3448 est
1038 3402 1147 3467 magistri

73 3486 106 3534 ad
117 3483 192 3535 offic.
203 3487 227 3542 1,
240 3487 270 3543 8,
284 3485 326 3532 25.
336 3487 488 3548 Quamquam
498 3484 589 3532 nemini
631 3483 696 3532 illius
716 3481 846 3530 societatis.
866 3478 957 3541 (Adde
974 3477 1036 3528 ibid.
1055 3499 1095 3546 ep.
1109 3497 1145 3544 9:

74 3564 233 3628 persuaserit,
254 3579 309 3612 eum
323 3579 449 3612 nnmerum
463 3564 588 3627 legionum
631 3565 661 3610 P.
684 3560 809 3625 Rupilius,
832 3558 875 3622 qru'
892 3567 930 3606 est
949 3558 974 3606 in
995 3560 1073 3624 opem
1095 3560 1146 3627 ejus

74 3646 115 3692 hic
129 3642 283 3692 retinendum
297 3659 364 3701 esse,
376 3644 419 3706 qui
431 3653 486 3691 ante
498 3642 588 3690 bellum
631 3639 750 3690 soeistau's
759 3638 779 3704 ).
791 3640 860 3686 Verr.
870 3639 907 3696 ΙΙ,
919 3653 961 3700 po,
975 3655 1021 3698 πμ
1033 3638 1145 3704 (Wetse-

74 3724 194 3772 Punicum
213 3722 313 3772 secund.
329 3724 411 3783 justus
431 3723 490 3780 suit,
512 3721 555 3769 sed
575 3737 588 3768 s
631 3721 679 3768 lius
692 3736 706 3766 e
719 3717 845 3767 Graevisns
861 3716 903 3766 ed.
917 3728 1005 3766 temere
1019 3735 1145 3768 numerum

74 3805 98 3852 J.
110 3805 205 3852 Caesare
217 3801 249 3849 sd
262 3800 346 3848 decem
357 3812 452 3850 anctus.
467 3804 551 3850 Gran.
632 3799 748 3846 vitiosum
757 3811 811 3862 cup.
826 3811 866 3854 ro,
875 3796 902 3843 in
914 3813 980 3846 susm
991 3797 1030 3846 ed.
1042 3809 1146 3846 nanetu-

110 3883 153 3932 31.
167 3884 229 3929 Esse
242 3879 382 3929 tedivitem.
397 3882 453 3928 Duo
466 3879 523 3929 tlt.
541 3889 588 3927 ete
630 3877 696 3942 lit),
718 3872 847 3923 Canuleirss
865 3889 941 3930 vero,
966 3875 1011 3938 qui
1028 3875 1053 3922 in
1073 3887 1146 3937 portu

75 3978 126 4010 esse
137 3977 188 4008 non
200 3959 251 4008 div.
262 3975 289 4018 ¹⁸3
302 3975 365 4006 unus
375 3970 400 4006 et
413 3961 461 4007 Ox.
474 3955 499 4022 ψ.
514 3980 525 4001 ι
537 3975 589 4006 non
631 3954 754 4018 Syracusis
764 3969 863 4017 operam
874 3953 956 4002 dabat.
967 3955 1000 4000 ll.
1008 3970 1032 4003 e.
1042 3955 1083 4017 qui
1095 3967 1147 4004 erut

7 4059 8 4064 ¹
76 4056 126 4088 esse
146 4039 233 4100 din-»3
252 4039 309 4086 item
327 4055 371 4086 nn.
390 4039 432 4102 qui
450 4055 496 4104 pro
514 4037 589 4104 ι’ςίηιν
631 4035 695 4083 inter
703 4033 915 4100 publicanos,qui
926 4033 1051 4097 Syracusis
1061 4045 1143 4097 porto·

76 4119 232 4182 hubeterpo,
245 4117 434 4166 utcodslluisb.
449 4121 532 4168 Gerre.
632 4117 694 4162 rium
719 4113 848 4178 exigebant
866 4135 886 4161 n.
909 4113 1033 4160 Ernestirss
1054 4135 1066 4157 ι
1083 4115 1147 4166 idem
