2770 4688
248 343 293 414 50
617 335 939 408 INTRODUCTIO.

290 465 343 541 ai.
360 461 478 550 Leges,
494 459 527 525 id
548 475 614 542 est,
629 460 711 524 ratio
728 459 816 547 ipsa,
832 473 967 547 propter
978 471 1077 544 mum
1094 455 1245 522 homines
1263 477 1311 522 ra·

242 571 340 636 tionis
353 567 524 658 participes
537 587 607 632 esse
623 564 792 644 dicuntur,
809 577 837 627 ta
852 579 902 626 τῶν
916 561 1116 644 mettamdd
1128 577 1196 644 est,
1207 585 1312 626 cene·

242 675 399 742 toralibus
410 671 471 738 illis
485 671 742 761 promotionibus
759 685 856 759 atque
866 672 986 734 notitiis
998 671 1032 734 in
1046 669 1155 734 animo
1172 669 1312 736 collectis

243 782 359 849 confici
389 797 487 868 atque
511 779 731 844 consummari
754 793 968 864 constarequc
993 775 1111 840 dicitur
1130 775 1200 864 (r):
1223 773 1312 864 quod

242 889 349 978 primo
363 887 463 950 aetatis
487 884 692 974 septennario
718 881 841 948 absolvi
863 882 966 946 solere
982 896 1111 970 putant.
1132 883 1204 946 Jaut
1225 883 1310 947 enim

242 1017 283 1058 eo
298 1009 445 1082 tempore
461 989 659 1062 diversarum
677 1009 786 1052 rerum
808 987 999 1052 notionibus
1020 983 1249 1068 consideratis,
1266 988 1310 1052 al·

241 1101 385 1186 toroque
405 1097 578 1164 adulteras
603 1095 796 1184 sumpsistis
814 1115 851 1160 ac
872 1095 1011 1160 invicem
1039 1095 1245 1184 compositis,
1261 1115 1311 1158 ra·

242 1205 348 1270 tiones
363 1219 396 1268 at
408 1201 705 1290 argumentationes
720 1215 928 1276 construere,
947 1211 980 1264 et
997 1197 1143 1279 judicate
1162 1199 1310 1264 homines

239 1311 357 1374 valent.

286 1413 338 1479 ai.
360 1413 525 1478 cccrum
542 1414 642 1502 igitur
664 1418 809 1478 veritatis
832 1413 922 1478 Zeno
943 1429 976 1476 et
1000 1411 1184 1478 Stoicorum
1210 1413 1312 1492 major

240 1541 313 1608 pars
331 1529 375 1585 τὴν
389 1529 576 1584 καταληπτικὴν
592 1529 744 1598 musceto,
767 1517 887 1596 idest,
912 1520 1063 1582 visionem
1082 1516 1310 1606 comprehensi-

239 1645 326 1704 caet,
355 1643 413 1686 seu
439 1622 772 1710 conprehendentem,
799 1633 868 1686 esse
899 1621 1113 1688 decreverunt
1130 1620 1187 1708 (a).
1212 1623 1311 1702 Cujus

237 1727 413 1820 phantasiae
438 1726 585 1792 definitio
608 1728 757 1815 superius
777 1749 796 1792 a
814 1728 908 1792 nobis
925 1747 1027 1817 graece
1057 1728 1210 1810 recitata,
1230 1729 1311 1792 sica

239 1837 285 1900 M.
308 1833 415 1899 Tullio
436 1832 483 1920 (3)
500 1833 606 1898 latinis
631 1833 736 1899 verbis
758 1833 906 1899 redditur
924 1856 932 1897 ε
950 1834 1090 1898 «Visum
1116 1835 1310 1922 impressum

239 1939 448 2026 effictumque
473 1961 513 2002 ex
534 1961 574 2002 eo
598 1938 688 2026 quod
713 1955 776 2021 est,
799 1939 893 2026 quale
911 1961 980 2005 esse
999 1961 1066 2002 non
1091 1956 1200 2027 potest
1216 1961 1255 2002 ex
1272 1961 1310 2002 eo

239 2044 330 2132 quod
352 2065 419 2106 non
445 2061 493 2107 est
508 2073 533 2106 υ.
569 2049 617 2108 Ae
644 2045 755 2108 nescio
779 2065 843 2132 qua
865 2045 1010 2127 radone,
1035 2045 1069 2108 in
1101 2045 1311 2108 transtatione

237 2151 316 2230 hac,
332 2147 430 2212 verba
448 2147 500 2210 ilia
517 2143 734 2228 definitionis,
753 2157 821 2210 κατὰ
835 2159 897 2210 etet
909 2161 937 2211 τὸ
949 2159 1081 2230 ὑπάρχον,
1098 2149 1213 2230 idest,
1230 2153 1311 2216 sicut

238 2271 284 2318 cst
300 2258 397 2342 ipsum
413 2249 501 2341 qaod
515 2265 580 2330 est,
601 2251 720 2316 omissa
737 2253 818 2332 sint,
837 2272 960 2340 quum,
978 2255 1027 2318 uti
1043 2253 1182 2320 exserti
1198 2254 1248 2343 (4)
1258 2277 1311 2320 ex-

239 2359 412 2447 plicatione
439 2355 496 2443 (is
516 2356 604 2420 enirn
627 2354 849 2420 definitionem
880 2358 974 2422 istam
998 2359 1060 2424 late
1080 2361 1310 2447 prosequitur,

239 2463 447 2552 singulasque
465 2459 534 2539 ejus
550 2476 656 2549 partes
670 2461 937 2550 interpretatur),
961 2481 1115 2552 apparet,
1131 2468 1309 2530 necessaria

240 2567 376 2633 omnino
389 2563 569 2630 videantur.
584 2566 750 2654 Namque,
766 2583 804 2632 ut
814 2569 895 2634 visio
916 2569 1023 2657 aliqua
1044 2571 1310 2658 comprehendens

241 2674 306 2738 dici
325 2687 499 2752 mereatur,
513 2687 547 2734 et
566 2670 608 2737 ab
622 2693 662 2736 eo
677 2671 768 2760 qaod
784 2689 833 2738 est
845 2677 1031 2760 proveniat,
1047 2691 1177 2764 oportet
1190 2689 1224 2740 et
1238 2699 1307 2742 rem

239 2781 299 2862 ita,
323 2779 372 2842 nti
388 2793 455 2859 est,
475 2793 703 2865 representet,
731 2777 957 2868 ejusmodique
982 2781 1040 2859 sit,
1065 2797 1102 2846 ut
1119 2783 1236 2848 falsum
1251 2783 1309 2847 uli·

239 2887 331 2977 quod
346 2889 451 2952 visum
471 2879 616 2969 ejusdem
632 2888 745 2953 forme
765 2889 902 2954 omnino
918 2892 1139 2974 simillimum,
1160 2905 1193 2957 ct
1215 2892 1307 2982 quod

238 2993 327 3058 nulla
337 3009 432 3058 artes
443 3013 520 3057 vero
534 2990 746 3071 discernatur,
759 2992 887 3060 nullum
900 2997 1090 3086 contingere
1101 3013 1209 3086 questi

286 3100 338 3165 26.
356 3101 402 3164 Ac
418 3097 489 3162 talis
504 3115 590 3162 certe
606 3099 774 3186 phantasia
791 3121 901 3166 revera
916 3092 1191 3192 conspiciendam,
1210 3117 1243 3167 et
1259 3104 1311 3167 cui

241 3225 389 3270 assensus
403 3205 476 3285 jure
490 3205 614 3293 optimo
631 3204 822 3290 deberetur,
845 3207 949 3291 foret,
972 3208 1133 3296 siquidem
1150 3208 1311 3291 eJusrnodi

241 3309 346 3398 aliqua
357 3326 467 3398 posset
481 3311 614 3402 reperiri
627 3310 684 3398 (5).
699 3312 768 3378 Nec
781 3312 873 3378 aliter
884 3313 1071 3380 Academici
1084 3315 1146 3404 ipsi
1160 3326 1310 3395 censent,

276 3537 317 3603 (r)
333 3536 454 3585 Plutarch.
464 3537 495 3586 ds
505 3537 592 3601 placit.
602 3537 697 3586 Philus.
710 3538 753 3587 lii).
762 3541 808 3600 IV,
827 3551 885 3589 scot.
899 3555 939 3590 rr.
961 3543 993 3592 Et
1006 3541 1095 3605 Philo,
1114 3544 1142 3591 iu
1162 3559 1252 3594 sacrar.
1264 3544 1310 3608 leg.

241 3626 341 3690 allegor.
354 3635 412 3688 post
422 3641 466 3672 sex
481 3623 574 3673 dicrum
584 3641 661 3691 opus,
678 3641 737 3690 pag.
746 3627 789 3690 4⁵,
800 3637 861 3676 tom.
875 3630 895 3674 t.

277 3711 316 3780 (a)
333 3713 432 3770 Cicero,
446 3713 545 3774 Sextus,
557 3713 674 3762 Iasrfiun

278 3799 361 3869 (t)1n
370 3801 487 3864 Lucullo,
499 3802 593 3865 cap.‚6.

274 3889 312 3960 (4)
326 3888 448 3948 etnvn,
457 3888 573 3938 adversus
582 3889 768 3941 mathematicos
781 3893 1084 3962 (r.adversus1.ogicoa),
1102 3903 1162 3945 sset.
1178 3893 1311 3956 stt-ado,

240 3995 295 4044 pag.
306 3979 428 4038 (πο-413.

276 4067 314 4134 (5)
328 4069 360 4116 D.
372 4071 474 4132 August.
485 4078 570 4118 contra
578 4069 655 4117 Acad.
667 4069 714 4121 lib.
724 4073 762 4130 11,
773 4087 828 4135 cap.
840 4074 863 4130 5,
876 4082 936 4121 tom.
947 4076 967 4122 Ι.
