2784 4666
527 377 718 446 TIMAEUS.
1081 379 1148 450 θοι

92 495 249 574 compositi
260 495 418 554 secundum
428 507 526 554 ternos
536 497 639 574 planos
652 497 784 576 angulos,
798 505 896 558 utnum'
903 497 1028 560 solidum
1046 501 1155 562 faciunt

93 577 253 666 angulum,
266 587 317 665 qui
336 589 472 666 angulum
485 590 637 666 planorum
649 591 778 650 omnium
792 588 1007 649 obtusissimum
1019 581 1155 672 deinceps

93 694 165 739 ortu
178 679 377 756 subsequitur:
391 681 471 757 atqui
483 681 630 760 triangulis
642 680 807 760 hujusmodi
820 693 947 759 quatuor
957 681 1046 756 natis,
1061 686 1156 760 prima

94 772 191 832 solida
209 773 318 852 specics
333 772 420 830 totius
434 774 660 834 circumferentia
675 774 902 834 distributivam
920 785 1015 852 partes
1034 778 1156 852 aequales

95 885 132 924 ac
145 865 251 923 similes
270 864 364 924 oritur
378 886 384 920 :
405 865 531 924 secunda
543 887 613 926 vero
626 887 663 926 ex
677 867 785 928 eisdem
798 866 919 954 quidem
928 866 1093 943 triangulis,
1106 869 1156 926 sed

94 956 257 1016 secundum
270 951 448 1034 aequilateres
463 958 619 1036 triangulos
634 973 700 1018 octo
712 959 893 1027 constitutis,
918 977 1009 1018 uuum
1027 958 1158 1018 facienti-

94 1049 154 1108 bus
169 1048 293 1107 solidum
310 1047 445 1126 angulum
464 1069 499 1107 ex
513 1050 606 1127 planis
621 1063 755 1129 quatuor,
770 1050 909 1128 factisque
924 1069 973 1108 aex
992 1049 1157 1127 hujusmodi

97 1160 207 1220 corpus
221 1139 378 1200 secundum
388 1140 603 1200 absolvitur:·at
612 1145 727 1201 tertium
742 1163 778 1202 ex
792 1142 939 1201 elementis
954 1140 999 1200 bis
1012 1143 1159 1220 sexaginta
1250 1129 1253 1136 ⁴

96 1233 242 1311 copulatis
263 1245 293 1292 et
313 1233 423 1310 angulis
446 1231 545 1290 solidis
569 1233 739 1303 duodecim,
759 1252 882 1311 quorum
897 1232 1018 1311 quilibet
1031 1233 1158 1311 quinque

98 1325 196 1402 planis
210 1325 360 1404 triangulis
373 1323 584 1402 aequilateribus
603 1309 780 1399 cbntinetur,
796 1324 905 1384 habens
921 1325 1159 1403 viginti'cquila-

87 1430 175 1476 aeres
186 1415 288 1490 bases,
309 1417 449 1476 nascitur:
462 1418 521 1494 jam
540 1418 629 1495 igitur
648 1419 820 1478 elementum
833 1417 952 1476 alterum
966 1417 1008 1475 sic
1021 1417 1158 1476 hactenus

97 1509 154 1568 ista
167 1510 319 1586 genuerit:
342 1528 441 1568 verum
461 1509 594 1570 isosceles
615 1511 773 1589 triangulus
794 1510 890 1587 quarti
912 1510 1058 1585 generavit
1076 1523 1159 1569 natu-

96 1620 174 1673 ram,
197 1600 353 1660 secundum
367 1615 493 1678 quatuor
508 1602 696 1673 constitutus,
720 1614 749 1659 et
766 1599 803 1659 ad
825 1613 956 1660 centrum
975 1613 1070 1660 rectos
1086 1620 1159 1660 cou-

96 1711 219 1770 gregatis
243 1693 379 1770 angulos,
399 1712 547 1770 unumque
571 1693 801 1770 quadrangulum
823 1693 1014 1770 aequilaterem
1041 1693 1160 1752 iaciens:

96 1803 150 1841 sex
161 1803 232 1842 vero
246 1783 410 1860 hujusmodi
429 1785 556 1862 copulati
572 1785 691 1862 angulos
707 1796 773 1843 octo
787 1784 909 1855 solidos,
933 1803 1059 1861 quorum
1074 1785 1161 1865 quili-

97 1875 151 1934 bet
165 1895 218 1953 per
232 1887 289 1933 tres
303 1876 405 1952 planos
415 1887 511 1932 rectos
528 1889 678 1953 coaptatus
692 1889 752 1947 est,
772 1877 950 1934 effecerunt:
971 1877 1159 1953 corporisque

93 1968 139 2025 ita
162 1966 311 2025 constituti
330 1966 421 2042 figura
442 1965 544 2024 cubica
570 1967 644 2026 lacta
667 1980 726 2037 est,
750 1986 800 2026 sex
824 1967 926 2044 planos
945 1966 1159 2045 quadrangulos

96 2059 278 2134 aequilatercs
293 2056 375 2116 bases
391 2056 515 2135 adepta:
536 2070 579 2116 est
596 2073 625 2116 et
637 2059 737 2136 quintu
753 2059 883 2136 quaedam
898 2058 1085 2136 compositio,
1102 2078 1160 2137 qua

95 2155 179 2208 Deus
193 2147 229 2206 ad
244 2148 369 2206 universi
381 2149 615 2208 constitutionem
629 2163 671 2208 est
683 2169 766 2221 usus,
781 2169 871 2228 eaque
884 2150 1040 2228 descripsit
1049 2163 1078 2208 et
1088 2152 1160 2229 ligu-

97 2239 193 2309 rarit,
208 2257 272 2316 quae
286 2241 498 2317 contemplatus
510 2241 614 2318 aliquis
627 2261 685 2299 non
707 2240 831 2300 absurde
847 2240 1042 2314 dubitaverit,
1060 2255 1159 2302 utrum

95 2332 226 2391 infinitos
237 2351 298 2390 esse
311 2331 433 2390 mundos
448 2352 484 2390 an
498 2333 593 2392 linitos
606 2334 826 2394 existimandum
840 2335 891 2394 sit:
906 2335 1032 2394 inlicitos
1040 2335 1158 2414 quidem

96 2424 196 2482 dicere
217 2423 293 2482 illius
311 2423 427 2501 putabit
439 2444 500 2484 esse
516 2426 681 2504 proprium,
692 2427 742 2503 qui
755 2427 863 2486 nullam
881 2447 977 2486 rerum
993 2429 1157 2506 cognitione

95 2517 251 2594 dignarum
273 2515 409 2593 peritiam
420 2515 544 2575 habeat:
566 2515 617 2576 sed
633 2529 730 2576 utrum
744 2537 818 2577 uuus
834 2517 959 2577 mundus
976 2539 1012 2576 au
1030 2519 1158 2596 quinque

94 2627 201 2666 revera
214 2607 275 2666 nati
289 2607 361 2679 sint,
378 2608 525 2685 inquirere
539 2609 633 2668 minus
649 2610 749 2688 utique
764 2609 878 2687 putabit
887 2609 1046 2670 absurdum
1059 2631 1066 2666 :
1080 2611 1156 2668 ratio

94 2701 213 2779 quidem
231 2715 330 2758 nostra
344 2721 432 2760 unum
450 2701 543 2780 ipsum
560 2703 707 2761 verisimili
721 2703 893 2779 probatione
910 2703 1010 2761 asserit
1031 2721 1092 2760 esse
1105 2722 1158 2760 na·

96 2807 178 2852 tum:
200 2793 271 2850 alius
288 2811 360 2850 vero
377 2794 457 2870 quis,
484 2793 520 2851 ad
542 2793 598 2851 alia
622 2793 792 2870 respiciens,
812 2794 896 2852 aliter
909 2791 1090 2870 opinabitur:
1105 2793 1157 2852 sed

94 2886 159 2944 baec
175 2883 347 2944 dimittenda
361 2898 445 2942 sunt:
460 2885 558 2961 etjam
577 2903 681 2962 genera
694 2897 820 2960 quatuor
839 2903 855 2941 a
876 2882 964 2942 nobis·
976 2885 1073 2960 paullo
1090 2897 1157 2943 ante

94 2977 222 3054 digesta,
238 2977 268 3034 in
284 2977 392 3054 ignem,
411 2988 533 3042 terram,
553 2995 658 3053 aquam
672 2995 825 3053 aeremque
837 2974 1058 3044 distribuamus,
1072 2989 1155 3036 terrac

94 3068 228 3128 cubicam
244 3069 369 3147 speciem
383 3068 558 3144 assignemus
573 3090 580 3125 ε
599 3087 665 3126 nam
680 3067 810 3125 omnium
824 3077 949 3144 quatuor
964 3067 1087 3126 maxime
1102 3068 1157 3126 im·

93 3159 211 3219 mobilis
227 3173 303 3217 terra
319 3171 375 3230 est,
388 3171 418 3218 et
433 3159 629 3237 corporalium
644 3159 773 3217 omnium
786 3171 934 3237 compacta
950 3161 1087 3217 maxime:
1100 3162 1156 3218 tale

93 3271 165 3310 vero
179 3249 252 3308 illud
263 3250 408 3328 praecipue
423 3251 528 3309 lactum
541 3271 601 3310 esse
615 3251 806 3310 necessarium
820 3263 879 3320 est,
891 3251 970 3330 quod
982 3251 1157 3312 firmissimas

94 3343 307 3419 tutissimaeque
323 3340 451 3419 possidet
464 3341 562 3401 bases:
577 3344 607 3402 in
622 3343 770 3422 triangulis
781 3363 871 3421 porro
884 3363 901 3400 a
918 3343 1062 3421 principio
1077 3345 1158 3422 posi-

93 3435 145 3507 tis,
160 3435 211 3510 qui
225 3434 405 3512 aequilateres
417 3447 494 3505 sunt,
507 3435 663 3494 firmiorem
676 3435 869 3511 tutioremque
880 3453 966 3512 quam
980 3435 1158 3512 inequilate-

94 3547 140 3586 res
152 3526 249 3584 basem
262 3525 431 3604 possident:
446 3539 475 3584 et
489 3526 567 3603 quod
584 3549 620 3585 ex
635 3540 760 3605 utroque
781 3527 970 3604 compositum
984 3539 1027 3584 est
1039 3528 1157 3605 planum

94 3621 260 3699 aequilatera
278 3621 437 3700 aequilateri
450 3621 694 3700 quadrangulum,
714 3635 791 3680 certe
812 3623 969 3700 triangulo,
988 3635 1046 3680 tam
1058 3623 1156 3700 quoad

95 3727 189 3771 totum
203 3731 289 3790 quam
307 3712 404 3790 quoad
418 3727 532 3791 partes,
549 3712 679 3772 stabilius
692 3714 854 3772 necessario
869 3713 1023 3791 provenit:
1049 3732 1155 3789 quam·
1221 3743 1228 3758 ·

93 3803 198 3862 obrem
215 3805 239 3861 si
256 3805 472 3862 convenientem
495 3802 733 3882 probabilemque
754 3804 835 3881 sequi
856 3805 995 3864 rationem
1019 3804 1155 3875 velimus,

95 3906 180 3952 terrae
192 3893 223 3952 id
239 3894 416 3954 tribuamus:
439 3914 520 3973 aquae
530 3887 743 3973 deinde,'quod
758 3895 850 3954 tribus
865 3895 982 3973 reliquis
998 3907 1043 3952 cst
1057 3895 1157 3952 immo-

95 3987 200 4046 bilius:
218 3985 275 4060 igni
284 4025 292 4053 ‚
302 3985 380 4064 quod
395 3985 634 4046 mobilissimum:
649 3988 709 4045 aeri
722 3988 864 4046 medium:
876 4001 906 4047 et
921 4005 1026 4064 corpus
1038 3986 1157 4062 quidem

96 4077 246 4136 minimum
257 4076 333 4154 igni,
347 4097 430 4155 aquae
445 4081 616 4151 maximum,
633 4080 693 4140 aeri
707 4081 851 4140 medium:
872 4077 1066 4140 acutissimum
1079 4097 1156 4155 quo-
