2786 4674
213 423 584 496 SUPPLEMENTUllI
608 427 672 496 AD
697 423 1034 494 OECONOMICOS.
1077 417 1148 506 645

93 545 176 610 nihil
197 544 283 608 banc
305 544 444 609 arbitror
464 543 725 610 distributionem
747 544 966 634 profuturam,
984 543 1045 608 nisi
1067 543 1151 608 villi·

92 675 151 716 cus
167 651 298 740 saepius,
318 667 351 715 et
366 651 540 739 aliquando
552 669 660 718 tamen
670 652 823 717 dominus
838 665 895 717 aut
909 665 1055 714 matrona
1072 671 1153 714 con·

93 755 279 820 sideraverit
290 754 629 844 animadverteritque,
641 773 678 822 ut
694 756 853 822 ordinatio
867 755 1013 819 instituta
1021 776 1153 819 conser—
1225 833 1227 838 Ι

92 879 197 928 vetur.
217 860 318 943 Quod
334 862 430 925 etiam
449 861 483 924 in
505 861 590 926 bene
613 862 745 928 moratis
761 860 941 927 civitatibus
959 881 1086 948 semper
1106 875 1155 924 est

93 968 317 1050 observatum3
341 989 480 1055 quarum
504 968 701 1055 primoribus
726 982 824 1055 atque
848 965 1057 1054 optimatibus
1084 986 1152 1028 non

93 1073 169 1137 satis
190 1073 297 1136 visum
322 1087 370 1136 est
393 1071 495 1136 bonas
517 1072 603 1162 leges
626 1073 764 1156 habere,
790 1073 852 1137 nisi
871 1068 1020 1135 custodes
1043 1091 1153 1133 earum

95 1176 356 1266 diligentissimos
381 1176 465 1242 cives
489 1194 666 1261 creassent,
691 1202 774 1267 quos
795 1179 897 1246 Graeci
912 1190 1078 1261 νομοφύλακας
1094 1198 1152 1262 ap·

93 1282 226 1371 pellant.
249 1283 377 1347 Horum
398 1299 466 1348 erat
488 1282 653 1367 officium,
670 1307 745 1368 eos,
762 1286 819 1374 qui
840 1288 964 1376 legibus
985 1297 1154 1373 parerent,

92 1385 245 1452 laudibus
261 1389 431 1476 prosequi,
450 1411 510 1452 nec
529 1389 636 1454 rninus
659 1391 863 1478 honoribus,
877 1413 932 1457 eos
953 1405 1079 1470 autem,
1097 1386 1154 1475 qui

92 1516 162 1558 non
179 1509 346 1582 parerent,
362 1517 456 1583 poena
469 1493 641 1560 multare».

139 1598 293 1687 Xenoph.
314 1600 440 1663 OEcou.
459 1600 506 1678 X,
527 1622 566 1663 ro
586 1621 595 1664 ε
623 1600 793 1689 «Denique
807 1624 875 1666 uno
892 1602 965 1665 loco
983 1621 1081 1688 quam
1097 1595 1157 1659 mi-

94 1703 185 1768 nime
197 1704 361 1792 oportebit
375 1727 446 1769 earu
463 1707 656 1788 consistere3
673 1729 779 1795 neque
795 1708 881 1772 enim
894 1705 1072 1771 sedentaria
1088 1703 1158 1783 ejus

95 1831 195 1897 opera
206 1825 270 1891 est,
283 1809 341 1875 sed
357 1809 456 1875 modo
472 1809 513 1875 ad
532 1812 628 1876 telam
645 1810 778 1876 debebit
794 1811 962 1895 accedere,
976 1810 1065 1893 ac,si
1077 1805 1157 1898 quid

95 1912 212 1976 melius
224 1914 318 1994 sciat,
335 1913 471 1996 docere;
496 1913 524 1977 si
546 1917 675 1996 minus,
694 1913 857 1981 addiscere
871 1917 912 1981 ab
936 1939 995 1998 eo,
1013 1915 1069 2004 qui
1084 1913 1158 2002 plus

94 2016 265 2106 intelligat3
288 2018 388 2083 modo
413 2041 486 2102 eos,
503 2021 561 2107 qui
578 2020 688 2084 cibum
708 2020 834 2084 familiae
857 2020 1052 2102 conficiunt,
1076 2019 1160 2086 iuvi·

96 2143 184 2204 sere3
208 2138 279 2187 turn
305 2123 402 2188 etiam
426 2125 567 2188 culinam
590 2141 623 2189 et
640 2122 777 2207 bubilia,
800 2147 860 2189 nec
878 2127 985 2191 minus
1007 2124 1161 2213 praesepia

96 2224 286 2293 mundanda
305 2251 451 2294 curare...
472 2229 596 2318 promis
615 2251 746 2318 quoque
767 2245 798 2295 et
817 2230 950 2296 cellariis
964 2229 1086 2320 aliquid
1102 2251 1160 2318 ap·

96 2330 314 2420 pendentibus
332 2352 390 2398 aut
406 2336 617 2399 metientibus
634 2335 825 2400 intervenire
836 2367 860 2402 n.

142 2437 226 2502 lbid.
245 2440 327 2521 Xll,
342 2463 404 2505 ro:
424 2441 562 2505 «Somni
579 2458 612 2506 et
630 2442 698 2505 viui
716 2442 757 2505 sit
774 2441 1064 2509 abstinentissimus
1076 2442 1160 2508 villi·

101 2565 181 2624 cus,
209 2567 282 2633 quas
307 2563 445 2634 utraque
470 2563 547 2611 sunt
569 2546 786 2612 inimicissima
812 2546 1003 2639 diligentiae3
1031 2565 1163 2614 namet

100 2649 229 2713 ebrioso
251 2673 328 2716 cura
351 2651 451 2716 officii
473 2653 593 2741 pariter
615 2676 690 2717 cum
718 2655 872 2718 memoria
895 2654 1106 2738 subtrahitur,
1128 2671 1162 2719 et

99 2754 357 2820 somniculosum
370 2756 508 2844 plurima
525 2757 688 2847 effugiunt
702 2781 710 2822 :
727 2757 805 2846 quid
819 2761 905 2822 enim
915 2761 1015 2849 possit
1025 2776 1082 2824 aut
1092 2760 1160 2848 ipse

100 2880 213 2946 agere,
231 2876 288 2925 aut
307 2863 457 2949 cuiquam
474 2861 640 2927 dormiens
659 2862 836 2950 imperare?
859 2865 945 2928 Tum
963 2865 1057 2930 etiam
1079 2865 1121 2930 sit
1143 2889 1162 2929 a

100 2967 246 3030 venereis
267 2969 433 3033 amoribus
456 2991 606 3052 aversus3
636 2969 751 3057 quibus
774 2969 801 3033 si
830 2993 864 3034 se
893 2970 1067 3056 dediderit,
1093 2995 1162 3037 non

102 3069 190 3132 aliud
206 3072 384 3163 quidquam
403 3077 505 3162 possit
522 3077 678 3166 cogitare,
702 3097 799 3163 quam
814 3075 912 3160 illud,
938 3078 1028 3166 quod
1049 3077 1162 3169 diligit.

102 3174 189 3238 Nam
202 3177 286 3242 vitiis
303 3180 462 3261 ejusmodi
477 3182 633 3270 pellectus
651 3181 790 3265 animus,
798 3204 859 3248 nec
869 3185 1037 3272 praemium
1046 3185 1165 3266 jucun·

102 3277 196 3362 dius,
221 3306 319 3370 quam
349 3285 492 3351 fructum
518 3286 681 3369 libidinis,
715 3309 776 3352 nec
799 3289 992 3378 supplicium
1019 3290 1163 3380 gravius,

104 3406 203 3472 quam
221 3388 463 3455 snutrationem
482 3391 642 3480 cupidinis
655 3392 850 3458 existimat».

117 3553 120 3560 .
146 3493 224 3560 Hoec
244 3497 353 3560 omnia
373 3519 488 3584 parum
510 3495 645 3562 fideliter
666 3498 894 3586 Xenophontis
912 3515 1035 3565 textum
1058 3502 1163 3590 expri-

103 3619 209 3667 munt.
227 3601 300 3666 Mea
320 3599 454 3690 quidem
470 3601 627 3668 sententia
645 3601 679 3665 in
702 3601 753 3666 his
773 3605 874 3669 multa
887 3624 1078 3696 occurrunt,
1092 3629 1164 3696 quae

104 3706 271 3772 Ciceronis
289 3707 468 3772 orationem
481 3730 547 3772 non
561 3706 727 3789 redolent3
744 3709 787 3773 ita
805 3725 844 3774 ut
866 3734 903 3776 ea
921 3713 1027 3778 solum
1042 3737 1061 3778 a
1074 3715 1163 3778 Cice·

103 3835 184 3877 rone
196 3812 336 3902 genuina
346 3813 556 3896 arbitremur,
573 3835 645 3900 quae
659 3812 783 3900 priores
802 3815 940 3884 editores
957 3841 975 3884 e
988 3819 1162 3884 Columella

105 3916 364 4006 desumpserunt.
380 3919 407 3982 J.
414 3919 453 3982 V.
466 3921 504 3983 L.
787 3927 792 3936 '

404 4079 846 4112 -ι--Φ--μ-
