2784 4662
451 399 687 472 EXCURSUS
711 400 757 470 Il.
1061 401 1130 487 453

72 573 1125 606 utmfflfflfflmmmmtmmmwlmmm

347 699 866 836 Excunsosii

284 932 487 980 ndacioaronis
500 936 587 992 rerba,
603 936 675 984 lead.
692 938 716 992 1,
732 937 772 982 lib.
791 938 829 993 ll,
845 933 901 999 §37
913 903 935 981 ιι

110 1079 194 1134 Nunc
206 1079 244 1133 de
255 1079 420 1134 assensione
431 1091 459 1135 et
468 1081 691 1156 approbatione,
706 1101 793 1158 quum
806 1084 901 1140 Groeci
915 1059 1092 1164 semisismo

541 1189 655 1234 vocant.

478 1333 717 1358 ...ιώ-ι-

111 1477 275 1550 Nimirum
301 1480 410 1544 animo
439 1481 529 1562 vbis,
560 1504 632 1569 quae
658 1505 677 1545 a
702 1483 850 1546 sensibus
879 1484 1130 1572 imprimuntur,

74 1601 253 1668 commoto,
270 1585 374 1650 oritur
390 1568 549 1669 assensio,
569 1588 635 1651 sive
644 1589 851 1676 approbatio,
867 1600 1056 1670 συγκατάθεσις,
1068 1613 1132 1678 qua
1202 1631 1206 1638 -

73 1691 133 1755 visa
148 1709 342 1774 noscuntur,
355 1709 388 1756 et
405 1692 641 1777 dijudicantur;
657 1709 771 1782 estque
785 1695 820 1758 in
832 1695 974 1758 hominis
988 1711 1131 1783 potesta·

75 1810 117 1878 te,
132 1813 168 1861 ut
182 1798 251 1862 visa
266 1799 430 1862 arbitraria
445 1821 512 1862 non
529 1815 622 1880 sunt,
638 1796 695 1863 sed
711 1800 743 1861 ri
756 1798 894 1886 qundm
913 1823 972 1864 sua
985 1823 1054 1864 sese
1071 1802 1131 1866 ho·

74 1902 209 1968 minibus
226 1905 390 1993 ingerunt.
410 1904 484 1968 Hoc
495 1927 573 1969 vero
588 1905 673 1968 inter
684 1905 887 1993 insipientem
906 1922 944 1984 et¹
954 1907 1131 1994 sapientem

74 2005 217 2093 interest,
238 2025 278 2074 ut
294 2009 321 2074 is
336 2015 408 2074 nisa
421 2010 548 2091 omnia,
562 2008 667 2098 qualia
678 2011 777 2074 animi
790 2011 840 2075 sui
852 2011 951 2099 pulsu
960 2011 1025 2076 visa
1037 2027 1131 2092 sunt,

74 2113 139 2177 talia
154 2131 249 2203 putet
261 2131 293 2180 et
305 2116 479 2203 approbet3
491 2115 545 2179 hie
562 2137 630 2178 non
649 2115 756 2180 statim
768 2133 953 2181 commotus
965 2137 1132 2183 assensum

75 2218 271 2302 eommodet;
290 2217 325 2284 id
342 2217 431 2307 quod
447 2218 595 2308 exemplo
611 2219 683 2284 soni
699 2221 833 2301 alicujus
855 2220 1067 2287 formidabilis
1084 2222 1133 2286 lu·
1155 2267 1156 2272 τ

74 2325 210 2389 colenter
223 2325 360 2415 explieat
369 2325 491 2392 Gellius
505 2325 526 2391 l.
542 2327 609 2408 IX,
629 2351 656 2409 1,
668 2343 701 2391 et
714 2351 752 2391 ex
764 2351 803 2392 eo
819 2330 995 2417 Augustin,
1006 2327 1047 2393 de
1062 2331 1130 2394 Giv.

74 2429 143 2512 Dei,
161 2432 181 2495 l.
200 2433 267 2514 IX,
285 2435 315 2509 4.
333 2433 437 2496 Ioniis
453 2431 547 2497 Gellii
564 2449 629 2498 est:
649 2463 661 2490 τ
679 2436 753 2498 visa
768 2437 884 2517 animi,
899 2457 979 2523 quns
991 2447 1131 2516 φαντασίας

73 2535 254 2627 philosophi
278 2539 454 2650 appellant,
480 2539 600 2626 quibus
625 2562 716 2604 mens
737 2540 881 2606 hominis
898 2542 1003 2628 prima
1021 2544 1129 2606 statim

73 2661 124 2726 spe
138 2642 311 2707 accidentis
323 2642 364 2707 ad
377 2643 523 2708 animum
541 2644 586 2707 rei
603 2645 745 2732 pellitur,
761 2667 829 2709 non
844 2645 1018 2708 voluntatis
1036 2661 1129 2723 sunt,

73 2767 171 2835 neque
185 2749 369 2832 arbitraria,
388 2747 445 2814 sed
461 2749 492 2814 vi
508 2748 647 2838 quadam
665 2772 723 2813 sua
740 2749 886 2814 inferunt
903 2771 972 2812 sese
989 2749 1131 2813 homini·

73 2849 127 2916 bus
150 2854 349 2920 noscitandn.
378 2855 584 2919 Pmbntionss
606 2871 735 2935 autem,
765 2877 844 2942 quas
860 2863 1050 2934 τυγττττιοίτιις
1070 2877 1129 2918 vo·

73 2976 158 3041 cant,
174 2961 284 3050 qutbus
298 2960 410 3025 eadem
426 2966 500 3024 visa
516 2973 698 3039 noscuntur,
715 2982 755 3022 ae
767 2958 996 3048 dijudicantur,
1014 2957 1131 3023 volun·

73 3069 156 3130 tarioe
185 3083 275 3150 sunt,
290 3069 443 3156 fiuntque
466 3067 627 3130 bominum
649 3065 816 3130 arbitrato.
831 3065 1006 3152 Propterea
1024 3087 1127 3152 quum

72 3191 164 3236 sonus
184 3175 299 3263 aliquis
318 3173 550 3254 formidabilis,
574 3187 666 3236 aute
685 3171 778 3254 oaelo,
797 3187 854 3234 aut
873 3193 912 3234 ex
935 3171 1049 3252 ruina,
1073 3189 1129 3236 nut

72 3281 254 3363 repentinus
270 3281 396 3345 nescius
407 3279 542 3368 periculi
558 3281 710 3359 nuntius,
724 3277 780 3341 vel·
790 3275 869 3365 quid
880 3274 966 3340 aliud
981 3293 1030 3339 est
1044 3276 1129 3356 ejus-

72 3382 154 3447 modi
168 3385 310 3467 iactum,
327 3385 479 3474 sapientis
493 3405 626 3472 quoque
639 3384 785 3448 animum
797 3381 970 3472 paullisper
987 3383 1128 3464 moveri,

72 3501 100 3548 et
113 3491 275 3572 contrahi,
293 3506 326 3555 et
341 3489 511 3579 pallescere
530 3509 659 3553 neeesse
671 3505 729 3572 est,
743 3511 809 3552 non
826 3487 981 3576 opinione
994 3487 1127 3569 alicujus

71 3593 138 3656 mali
158 3613 325 3684 percepta,
343 3593 400 3660 sed
417 3591 615 3683 quibusdam
631 3587 773 3658 ittotibus
788 3591 926 3682 rapidis,
949 3607 982 3656 et
1010 3593 1127 3658 incon-

71 3696 153 3763 sultis
181 3699 327 3766 oflieium
349 3700 467 3766 mentis
494 3716 592 3786 atque
619 3698 750 3763 tutionis
776 3697 1044 3788 praevertentibus
1068 3696 1081 3784 (
1094 3719 1125 3761 v.

70 3799 156 3870 Tuse.
174 3807 239 3889 Qu.
255 3805 312 3890 IV,
330 3805 380 3894 6).
401 3805 534 3894 Sapiens
544 3819 659 3868 autem
676 3827 778 3892 quum
790 3806 930 3870 breviter
943 3819 976 3868 et
990 3803 1126 3868 strictim

70 3908 170 3976 colore
186 3928 283 4002 atque
300 3914 395 3978 vultu
412 3930 521 3977 motus
544 3927 612 3992 est,
634 3929 661 3980 st
689 3925 914 3992 συγκατατίθεται,
937 3931 1002 3974 non
1029 3908 1125 3972 simul

70 4019 196 4100 apponit
219 4019 269 4085 vel
299 4022 477 4109 approbat,
505 4018 560 4083 sed
589 4033 709 4082 statum
731 4013 942 4103 vigoremque
959 4014 1127 4078 sententies

71 4139 129 4185 sune
146 4125 280 4210 retinet,
297 4148 394 4215 quam
411 4125 452 4192 de
468 4121 694 4207 hujuscemodi
707 4121 782 4186 visis
794 4143 922 4210 semper
939 4119 1073 4203 habuit,
1089 4135 1130 4186 ut
