2756 4692
271 361 339 433 512
607 363 655 429 M.
681 363 719 430 T.
746 363 993 434 CICERONIS

270 481 419 581 quidem
437 481 522 579 pelli
538 481 680 578 potest?
696 484 784 570 Quae
805 496 859 553 est
878 486 975 554 enim
996 483 1141 554 civitas?
1161 487 1323 557 Omnisne

270 611 472 669 conventus
496 595 603 666 etiam
628 593 812 665 ferorum9
839 610 875 667 et
908 597 1142 668 immanium?
1167 604 1318 669 omnisne

270 712 377 780 etiam
400 704 631 802 fugitivorum
656 729 697 776 nc
724 705 904 777 latronum
929 722 1146 804 congregata
1166 713 1320 778 nnumin

269 820 389 891 locum
418 815 635 885 multitudo?
659 819 765 886 Certe
792 815 948 913 negabis.
978 821 1060 891 Non
1086 818 1238 914 igitur¹⁰
1258 835 1322 889 erat

268 928 327 1000 illa
348 942 426 998 tum
445 927 579 1012 civitas,
605 948 723 1022 quum
743 924 839 1021 leges
862 927 901 996 in
930 951 972 996 ea
992 925 1083 996 nihil
1108 925 1321 1010 valebant¹¹;

268 1063 383 1136 quum
390 1033 525 1131 judicia
532 1031 701 1130 jacebant
712 1044 760 1120 1’ς
772 1059 886 1131 quum
900 1059 977 1106 mos
987 1035 1125 1132 patrius
1140 1034 1322 1118 oecidenn

267 1171 403 1244 quum,
422 1143 519 1215 ferro
539 1143 651 1242 pulsis
677 1141 1006 1240 magistratibus¹³,
1028 1159 1178 1214 senatus
1201 1169 1319 1216 nomen

266 1257 304 1328 in
326 1253 510 1352 republica
529 1277 604 1322 non
621 1255 749 1324 ernist.
767 1252 983 1336 Praedonum
1000 1253 1059 1325 ille
1079 1252 1321 1340 concursus¹⁵‚

267 1449 315 1482 una
328 1446 374 1496 pro
385 1428 487 1478 duabus.
498 1429 532 1476 At
541 1427 588 1475 nisi
597 1427 691 1492 legatur
704 1427 778 1492 quin,
820 1429 987 1494 oonsulibus),
1009 1433 1078 1492 oujm
1099 1417 1164 1479 mala
1178 1428 1286 1480 describit
1297 1433 1317 1478 in

267 1525 292 1561 et
312 1525 373 1558 nova
392 1507 434 1556 liat
454 1507 605 1573 propositio,
622 1507 647 1553 ln
664 1523 736 1570 quam
750 1523 777 1555 ea
820 1512 930 1558 oratione
950 1525 995 1575 pro
1015 1511 1112 1569 SextIo,
1135 1519 1246 1574 eaput,
1263 1511 1318 1557 etin

267 1589 429 1648 conveniunt,
438 1602 493 1650 qun
502 1595 643 1650 sequuntur,
651 1600 702 1632 non
715 1599 778 1636 reete
820 1589 867 1637 Pis.
880 1605 932 1654 cap.
945 1599 975 1648 a,
987 1605 1022 1637 ca
1035 1591 1062 1637 P.
1074 1587 1183 1650 Clodio,
1197 1589 1259 1637 latall
1268 1605 1315 1653 por·

268 1667 379 1736 procedit
390 1665 477 1715 oratio.
489 1691 525 1701 -
538 1667 586 1712 Sex
602 1666 669 1713 Oxx.
682 1676 707 1713 et
719 1667 777 1714 edd.
819 1677 887 1715 tento
906 1665 1068 1732 prodiqioque
1088 1668 1152 1732 reip.
1167 1668 1207 1716 lex
1228 1669 1282 1715 AElia
1296 1679 1316 1714 et

267 1760 328 1798 vett.
342 1745 402 1811 «qni
413 1762 456 1794 neo
466 1745 562 1793 civitate
572 1743 701 1808 quidem-3
716 1761 779 1792 unua
820 1745 886 1794 rma
900 1763 981 1795 eversa
994 1757 1045 1808 est,
1059 1747 1242 1811 propugnacula
1255 1747 1315 1794 muri·

268 1824 564 1891 Ald.‹nsque»;rellqui
575 1823 652 1885 ejusd.
667 1841 726 1872 cneo
739 1823 778 1872 oui
820 1843 868 1890 que
894 1827 1074 1890 tranquillitatis
1105 1837 1182 1890 atque
1204 1827 1282 1884 etita,
1296 1837 1315 1872 et

267 1909 365 1974 quidem
375 1929 396 1954 n.
416 1907 470 1955 Nos
483 1907 580 1971 sequuti
596 1919 679 1953 sumus
697 1905 778 1953 Graev.
821 1921 874 1971 oap.
888 1907 915 1970 5.δ
924 1909 1008 1954 Gara.

268 2000 292 2038 et
300 1989 358 2036 Em.
368 1989 454 2036 Gann.
859 2001 900 2032 ra.
918 1986 997 2050 Quum
1005 1982 1103 2048 judicia
1110 1983 1240 2048 jaeebunt.
1256 1983 1314 2032 conl.

304 2083 329 2130 9.
346 2067 468 2113 Feror-um.
490 2063 540 2112 Alli
560 2064 609 2127 leg.
629 2063 722 2110 tetiam
738 2063 778 2110 fn·
819 2063 847 2111 iu
858 2065 940 2112 Pison.
952 2081 1007 2128 cup.
1020 2079 1061 2112 ra.

267 2161 322 2194 rum
331 2167 354 2193 n.
362 2147 435 2191 Facu.
444 2169 479 2178 -
487 2145 525 2190 De
534 2141 579 2189 buo
590 2141 665 2190 ultera
673 2142 778 2190 lectione
859 2145 900 2192 13.
912 2145 984 2191 Ferro
997 2141 1075 2207 pulsis
1087 2141 1274 2208 magistratibus.
1285 2139 1314 2188 Cl

249 2215 251 2224 ’
268 2225 386 2272 Gruterus
397 2221 496 2270 Graevio
508 2221 626 2284 persuasit
638 2220 676 2267 his
685 2219 779 2270 verbis:
819 2221 880 2270 ibid.
896 2239 949 2286 oap.
969 2237 1017 2280 ro,
1038 2221 1088 2281 ῆς
1105 2237 1156 2284 ru,
1170 2223 1212 2268 23.

266 2325 280 2345 ι
290 2304 327 2349 lta
341 2301 391 2349 Pal.
404 2316 444 2363 pr.
457 2313 485 2345 ac
498 2309 552 2346 tert.
566 2299 624 2346 item
639 2299 742 2348 Mauric.
752 2317 777 2348 v.
858 2309 899 2358 ¹4·
909 2303 1011 2349 Senatus
1019 2315 1106 2348 nomen
1114 2299 1141 2346 in
1153 2307 1315 2364 supponeret.

269 2379 352 2427 Faber.
364 2392 467 2443 quorum
480 2375 580 2424 ultimus
591 2374 777 2441 etiamsurium,
821 2381 931 2429 Graevius
944 2397 991 2427 non
1004 2379 1079 2427 deleri
1095 2377 1204 2426 volebat.
1213 2379 1268 2426 Nam
1280 2391 1314 2423 no-

267 2457 335 2524 quod
347 2455 489 2506 Guilielmio
509 2455 590 2518 aptius
608 2455 685 2503 visum
704 2455 736 2502 nd
749 2457 777 2503 il-
820 2477 875 2509 men
888 2471 985 2508 senatus
1002 2460 1028 2506 in
1051 2475 1103 2522 rep.
1125 2459 1214 2514 fuisse,
1231 2456 1267 2504 sed
1279 2469 1316 2501 no·

266 2537 322 2596 lud,
342 2534 409 2602 quod
428 2549 486 2582 mox
509 2533 594 2592 insert,
606 2531 777 2598 fiagitivorum.
819 2557 890 2600 men,
907 2555 957 2587 non
971 2555 1022 2585 rena
1039 2536 1266 2586 exstitimvemm
1281 2534 1315 2581 ci.

266 2615 384 2680 Vulgsslls
409 2611 518 2660 θΜῘΜθ
548 2611 632 2660 civitas
654 2611 776 2674 ferorum.
820 2636 876 2667 cero
886 2633 938 2667 non
953 2617 1016 2665 solet
1032 2615 1067 2674 td,
1080 2615 1151 2679 quod
1164 2615 1266 2664 Gravius
1280 2627 1312 2658 m·

266 2689 416 2752 victoriani,
431 2691 539 2740 omnisne
557 2690 599 2738 civ.
619 2691 693 2740 etium
703 2689 777 2755 fero·
819 2699 897 2759 lebat,
917 2699 951 2746 sle
963 2697 1112 2760 exprimere:
1134 2695 1284 2755 dixissetque,
1294 2701 1314 2736 ut

267 2791 349 2824 rum».
362 2776 443 2837 Atque
459 2770 522 2818 luno
545 2770 602 2820 leot.
621 2787 652 2819 ex
669 2771 725 2820 edd.
738 2789 778 2839 pr.
819 2794 865 2842 ego
884 2777 943 2826 olim
961 2763 1127 2837 oonjooenm,
1138 2767 1314 2820 «nomenmodo

266 2859 339 2906 etiam
352 2853 414 2902 MSS
427 2851 573 2917 quibusdam
582 2853 674 2916 recepit
682 2855 777 2903 Ernest.
821 2867 901 2912 erat»,
917 2867 960 2904 unt
970 2870 1016 2902 cn.
1031 2855 1057 2901 iu
1067 2869 1119 2918 rep.
1134 2867 1186 2899 non
1200 2867 1236 2899 res
1247 2861 1313 2896 erat»

266 2936 309 3003 qui
322 2933 384 2981 vidit
388 2930 477 2997 surum
494 2927 534 2978 vel
542 2928 639 2995 starium
654 2947 706 2980 non
718 2949 778 2982 con·
820 2939 930 2984 Eam-
941 2932 1079 2982 Grnviussi
1092 2930 1174 2978 verbis
1182 2947 1245 2994 seqq.
1255 2925 1314 2991 Sal.

266 3015 349 3062 venire
375 3011 486 3074 sequenti
515 3009 665 3057 immanium.
695 3012 778 3060 Etiam
822 3025 941 3062 «senatus
956 3011 1091 3071 occiduam
1106 3009 1193 3058 olvitaa
1206 3015 1314 3056 nonentt

267 3093 358 3144 omittit
367 3089 407 3139 ed.
418 3091 519 3138 nsum.
532 3089 607 3148 1520,
618 3089 685 3154 quod
697 3103 778 3141 tamen
821 3093 907 3141 consul
919 3107 973 3141 non
985 3099 1035 3138 erut
1044 3109 1072 3149 ι,
1088 3087 1179 3152 quibus
1190 3088 1269 3137 Cicero
1285 3083 1312 3148 (ut

266 3165 426 3222 necessarium
438 3180 488 3226 eat,
497 3179 526 3216 ut
536 3168 594 3215 lulsa
608 3167 660 3216 bno
673 3171 779 3220 civitatis
821 3170 893 3220 Offio.
908 3175 959 3229 111,
975 3183 1005 3226 t,
1029 3185 1060 3225 a,
1072 3169 1215 3216 «exstineto
1232 3174 1312 3217 senam

266 3253 338 3304 notio
355 3259 471 3313 utraque,
490 3247 554 3295 inter
572 3263 597 3295 se
616 3249 778 3313 aequiparata,
821 3243 955 3315 ileletisque
973 3247 1111 3310 judiciis»)
1137 3246 1250 3311 temporis
1263 3242 1313 3289 illim

267 3347 330 3380 verte
347 3329 444 3378 notioni
462 3337 614 3391 opponatur,
632 3344 679 3392 qua
694 3330 779 3379 civitas
820 3331 973 3396 iniquitatem
995 3337 1141 3390 exaggeret,
1166 3325 1255 3372 moveri
1273 3335 1312 3368 nou

268 3421 304 3460 est
316 3424 411 3463 eorum.
429 3406 473 3469 qui
489 3405 583 3470 legibus
594 3406 778 3472 obtemperant,
822 3409 913 3475 potuit,
922 3417 950 3456 ut
963 3405 1084 3470 vulgatam
1095 3415 1215 3463 tuerstan3
1225 3411 1312 3450 nontam

267 3501 309 3540 aut
322 3496 398 3535 ooetua
410 3485 537 3533 hominurn
551 3485 607 3547 jure
624 3486 779 3539 sooiutomm.
822 3487 941 3555 particula
954 3501 1005 3534 nort
1017 3484 1149 3546 ejicienda,
1164 3497 1234 3547 qnam
1242 3481 1264 3528 in
1272 3476 1312 3526 ml·

266 3569 331 3620 Vide
345 3567 428 3612 Somn.
438 3565 503 3628 sup.
517 3580 570 3628 cap.
583 3565 609 3614 3.
622 3567 707 3616 Gaea.
822 3569 873 3618 lum
884 3565 998 3616 mutanda
1008 3575 1069 3613 erat.
1080 3564 1121 3614 Sic
1130 3574 1195 3611 uerte
1205 3561 1262 3610 ortlo
1270 3571 1313 3604 ver·

305 3663 346 3695 ro.
355 3645 412 3692 Non
423 3642 505 3707 igitur.
519 3645 576 3690 Duo
586 3645 684 3695 Munnt.
700 3649 778 3698 «Non
822 3648 909 3696 borum
929 3655 1064 3694 servaretur
1079 3643 1196 3702 idonens,
1208 3639 1264 3706 qui,
1280 3651 1313 3684 ex·

267 3729 370 3782 naim»,
387 3724 539 3772 nnn-uon
561 3739 649 3788 ergo».
669 3723 776 3776 Abesta
822 3737 916 3791 puncto
933 3741 996 3783 non,
1009 3723 1099 3772 mutari
1110 3722 1209 3771 deberet
1219 3727 1311 3768 uaemtm

266 3807 357 3862 tribus,
372 3801 398 3850 in
414 3815 518 3865 quorum
536 3817 587 3850 uno
606 3803 663 3854 add.
683 3809 713 3854 ln
725 3822 776 3855 uno
819 3805 846 3854 in
860 3823 912 3872 rep.
922 3819 1011 3852 nomen
1022 3798 1138 3869 (tuntum)
1147 3815 1223 3852 erat».
1233 3797 1311 3858 Adiect-

265 3891 315 3938 ox.
324 3881 401 3950 igitur
409 3878 484 3929 deest.
495 3879 579 3930 Gne.
820 3886 901 3934 nullus
914 3883 1007 3932 videbis
1027 3881 1043 3948 ς
1061 3883 1108 3940 28.
1125 3893 1152 3930 et
1168 3883 1218 3929 Liv.
1228 3877 1310 3930 ml,

304 3979 345 4012 ιι.
358 3961 437 4024 Qetum
450 3959 514 4024 leges
531 3959 557 4008 t'tt
575 3975 606 4007 ea
624 3961 687 4010 nuit
702 3965 774 4014 vule-
821 3973 868 4021 41:
881 3963 994 4012 nnullutn
1004 3965 1054 4026 jam
1067 3977 1158 4011 nomeu
1171 3969 1230 4009 esset
1241 3951 1310 4022 popili

266 4056 328 4092 rent.
360 4039 442 4089 Clodii
468 4037 606 4086 tribunatus
634 4041 776 4107 intelligitur
821 4047 997 4092 rom.»Gratr.
1019 4033 1022 4040 ’

267 4119 317 4185 (an.
326 4115 463 4179 uuum,
473 4116 499 4164 1..
511 4115 615 4176 Pisone,
628 4119 659 4168 Δ.
671 4119 776 4170 Gabinio
862 4125 900 4172 15.
915 4121 1063 4170 Prudentem
1085 4119 1125 4169 ille
1145 4130 1274 4168 eonenrsns.
1288 4111 1310 4157 lo
