2786 4674
531 353 720 426 TIMAEUS.
1084 355 1155 428 615

94 483 224 560 visisque
237 490 327 538 nocte
343 478 447 555 dieque
460 478 584 552 maxime
603 489 772 556 raperetur:
786 477 896 537 idcirco
908 492 1040 539 naturam
1052 482 1158 559 jecoris

94 573 277 652 procrearit,
293 583 323 628 et
340 570 371 627 iu
388 569 448 646 ejus
465 565 673 628 habitationem
689 570 848 648 disposuit,
870 572 1006 644 densum,
1026 575 1159 652 iuquam,

93 679 249 736 naturam,
262 666 376 734 levem,
389 663 514 734 elatam,
528 661 641 721 dulcem
657 677 686 722 et
700 661 896 722 amaritudinis
915 683 975 722 nun
993 680 1158 743 expertem

95 771 131 815 ut
147 755 357 834 cogitationum
370 767 407 812 ex
419 765 513 812 mente
527 753 705 814 descendens
718 755 846 834 petentia
859 755 890 814 in
903 755 967 834 ipsc
978 757 1087 834 jecore,
1095 760 1159 816 vei.

96 863 133 910 ut
155 851 189 908 in
207 849 325 926 speculo
335 847 442 925 figuras
455 848 628 925 suscipiente
646 847 830 926 aspectuique
842 847 993 909 simulacra
1006 851 1162 930 reddente,

95 941 277 1022 quandoque
291 951 408 1017 recepta
432 953 539 1016 terrent
551 939 919 1018 ipsuchandommque
934 957 1055 1021 cognata
1076 964 1159 1007 uma-

94 1033 238 1094 ritudinis
255 1045 338 1112 parte
351 1050 403 1091 usa
417 1033 568 1110 minasque
582 1032 735 1092 intendens
745 1045 775 1090 et
788 1034 841 1092 toti
860 1047 977 1112 repente
994 1037 1103 1096 suffusa
1113 1040 1160 1117 je-

97 1129 164 1187 cori
185 1127 284 1186 ieliecs
306 1123 506 1203 terribilesque
515 1126 634 1184 colores
655 1125 806 1197 ostendat3
829 1127 1002 1187 contrahens
1022 1143 1160 1206 ptaeteoec

96 1223 197 1300 ipsum
216 1237 351 1296 rugosum
366 1229 393 1276 et
408 1231 542 1296 asperum
562 1231 654 1280 totum
669 1217 790 1290 reddat,
812 1217 851 1276 ac‘
866 1215 953 1282 fibros
969 1219 1049 1297 ejas,
1071 1223 1159 1286 bilem

98 1316 222 1392 ejusque
233 1311 424 1370 ventricoium
437 1323 466 1369 et
480 1325 582 1382 renas,
596 1328 661 1388 qtrae
671 1323 765 1390 portae
775 1323 925 1382 vocantur,
942 1315 983 1370 sic
998 1313 1116 1386 afficiat,
1129 1328 1161 1374 ct

97 1407 209 1486 partim
225 1423 262 1462 ex
275 1402 377 1462 habitu
396 1415 476 1461 reoto
491 1402 645 1461 deflectens
661 1417 748 1479 utque
763 1414 973 1480 contorquens,
987 1407 1092 1482 partim
1105 1406 1162 1464 cb-

99 1511 216 1560 struens
231 1511 262 1556 et
273 1495 468 1564 concludens,
485 1495 601 1554 dolores
615 1493 843 1588 detrimentaque
857 1495 1004 1574 praebeat:
1019 1517 1163 1558 aurursus

99 1592 220 1672 quando
235 1590 461 1650 mausuetudinis
475 1610 511 1647 ex
526 1603 620 1648 mente
633 1587 783 1666 inspiratio
798 1589 942 1654 centraria
958 1591 1019 1648 viss
1029 1591 1162 1668 effingit,

100 1681 324 1743 amaritudinem
337 1681 454 1759 quidem
466 1680 571 1740 sedans
581 1672 618 1738 ex
631 1699 683 1753 eo,
709 1678 788 1756 quud
802 1678 950 1738 adversam
964 1677 1019 1740 sibi
1031 1696 1161 1740 naturam

99 1781 197 1850 neque
209 1775 295 1842 ciere,
303 1775 543 1849 nequeattingere
553 1767 637 1843 veiit3
647 1769 799 1830 dulcedine
807 1791 879 1830 vero
888 1772 929 1830 iiii
937 1773 1061 1851 ingenita
1072 1789 1163 1846 utens,

101 1877 132 1924 et
143 1863 242 1924 omnia
254 1877 352 1935 recta,
371 1865 465 1937 laevia,
482 1864 572 1924 iibere
585 1865 615 1923 iu
629 1865 695 1942 ipso
707 1864 858 1942 digerens:
874 1877 942 1924 tunc
953 1885 1021 1926 saue
1033 1881 1163 1945 pacatam

102 1970 337 2036 mansuetumque
349 1969 461 2036 partem
473 1959 575 2016 animae
589 1957 728 2035 injecere
744 1955 919 2016 habitantem
933 1959 1018 2031 iacit,
1044 1959 1118 2018 adeo
1128 1974 1165 2019 nt

103 2049 191 2108 etiam
206 2050 236 2107 in
249 2066 352 2108 somno
368 2049 517 2109 moderate
530 2051 634 2110 affecta
646 2049 699 2121 eit,
715 2049 910 2126 vaticinioque
924 2065 1031 2124 utatur,
1045 2045 1163 2129 quando

102 2143 224 2200 rationis
238 2143 458 2220 prudentiaque
475 2155 519 2202 est
542 2161 671 2221 expers:
695 2138 745 2220 qui
767 2142 843 2200 enim
864 2161 918 2203 nos
938 2149 1164 2222 compescerent

102 2235 217 2312 paterni
239 2236 315 2294 iliius
332 2236 465 2294 manem
487 2252 629 2298 memores
641 2275 649 2305 ,
662 2251 721 2312 quo
744 2236 865 2293 mortain
885 2255 975 2314 genus
987 2233 1166 2316 praeceperat

103 2343 191 2404 quam
213 2328 354 2406 optimum
374 2348 428 2406 pro
456 2327 567 2386 viribus
587 2327 669 2397 fieri,
688 2328 728 2386 ita
749 2327 922 2388 deteriorem
942 2330 1033 2390 nestri
1053 2345 1165 2409 partem

102 2417 307 2490 instituerunt,
331 2433 363 2478 ut
384 2419 446 2497 ipsa
468 2439 584 2497 quoque
602 2419 730 2478 veritatis
745 2421 822 2478 foret
835 2420 1051 2498 quodammodo
1071 2419 1166 2501 pa'rti-

103 2527 192 2586 ceps,
214 2509 356 2587 siquidem
368 2509 398 2568 in
412 2529 446 2568 ea
462 2511 573 2590 expleri
593 2511 759 2570 vaticinium
779 2525 957 2572 statuerunt:
973 2514 1050 2591 quod
1069 2528 1165 2574 autem

101 2599 255 2660 dementiae
269 2602 402 2660 humanm
422 2607 501 2664 Deus
516 2603 667 2662 divinandi
686 2606 745 2663 vim
762 2603 892 2677 dederit,
908 2605 980 2664 iilud
997 2619 1165 2682 argumento

104 2709 167 2750 esse
180 2691 264 2751 nobis
276 2705 388 2771 petest,
405 2693 484 2772 quod
499 2713 604 2766 neme,
620 2694 689 2753 dum
703 2691 780 2754 sana
793 2696 896 2754 mentis
909 2709 968 2767 est,
989 2694 1120 2756 divinum
1137 2713 1166 2757 et

103 2801 207 2842 rerum
219 2787 383 2845 vaticinium
392 2788 481 2845 ulium
493 2786 669 2864 assequitur3
679 2785 730 2844 'sed
739 2789 880 2865 quumvei
889 2805 991 2846 somno
1003 2787 1165 2866 prudentie

103 2878 148 2936 vis
165 2879 321 2956 praepedita
335 2895 392 2949 est,
411 2881 456 2938 vei
471 2895 609 2958 oppressu
629 2877 747 2951 uuerbe,
765 2879 811 2936 vei
827 2878 926 2936 divino
939 2880 1038 2957 aliquo
1051 2891 1166 2960 raptue

105 2989 159 3028 suo
175 2983 250 3030 statu
264 2971 390 3042 dimota,
414 2973 476 3032 fieri
492 2971 633 3030 divinado
647 2972 741 3029 solet:
764 2970 916 3049 prudentis
929 2991 1000 3030 vero
1017 2972 1168 3032 dtrmaxat

105 3062 233 3120 efficium
248 3075 305 3136 est,
319 3080 384 3141 quoe
396 3083 412 3122 a
425 3063 544 3123 fatidico
559 3065 729 3140 summeque
742 3062 859 3140 ingenio
875 3062 1047 3122 dormiendo
1064 3066 1110 3124 rel
1127 3067 1168 3124 vi·

106 3153 224 3233 griando
240 3157 424 3236 pronuntiata
438 3168 520 3230 suut,
539 3157 700 3233 intelligere
714 3177 721 3212 ι
736 3166 767 3213 et
781 3171 970 3232 quecumque
987 3157 1047 3214 visu
1065 3157 1167 3216 iiioue·

105 3248 182 3318 tint,
194 3247 415 3308 ratiocinatione
426 3249 468 3307 ita
480 3247 656 3320 discernere,
670 3259 704 3305 ut
717 3265 775 3325 qua
787 3244 917 3323 quidque
934 3247 1061 3320 ratione,
1077 3261 1107 3306 et
1121 3249 1170 3306 oui

107 3340 237 3398 sutanum
252 3341 360 3419 aliquid
373 3343 418 3400 rei
433 3341 611 3420 praeteritum
624 3355 785 3418 praesensve
796 3337 906 3397 bonum
921 3340 968 3397 vei
984 3341 1091 3398 malum
1101 3359 1169 3420 por·
1190 3377 1191 3381 =

105 3430 227 3490 tendere
247 3433 398 3505 videatur,
416 3433 570 3512 explanet:
584 3432 660 3492 iilius
684 3443 795 3502 autem,
818 3430 870 3507 qui
890 3431 995 3489 mansit
1019 3446 1171 3513 manuque

107 3521 203 3582 adhuc
216 3525 246 3582 iu
260 3527 375 3600 furore,
392 3546 450 3584 non
464 3539 509 3584 est
519 3525 664 3596 officium,
678 3543 743 3602 qum
756 3519 861 3582 viderit
875 3537 925 3582 aut
938 3525 1110 3602 protulerit,
1120 3527 1171 3604 ju-

108 3615 206 3674 dicare
215 3640 222 3674 ε
230 3619 332 3676 acinam
346 3618 481 3697 prefecto
492 3617 622 3695 priscum
637 3615 667 3674 id
679 3615 789 3678 dictum
802 3633 905 3692 :agere
915 3633 968 3674 soa
978 3633 1066 3694 seque
1076 3617 1172 3694 ipsum

108 3727 283 3786 cognoscere
298 3711 388 3769 soiius
403 3708 564 3788 prudentiae
579 3720 623 3766 est
634 3725 726 3785 opus:
741 3707 809 3764 hinc
825 3707 871 3766 lex
881 3705 966 3786 jubet
979 3707 1082 3766 divinis
1095 3709 1173 3766 vati-

107 3802 191 3860 ciniis
208 3803 322 3879 judiees
341 3821 462 3881 praesse
481 3800 651 3880 prophetas,
672 3817 746 3876 quos
764 3810 844 3858 vates
861 3798 979 3876 quddam
999 3799 1172 3871 nominant,

108 3894 276 3971 ignorantes
301 3911 422 3976 prorsus
444 3913 494 3953 ecs
516 3893 701 3951 oraculorum
724 3891 927 3970 tuorumque,
955 3909 1021 3968 quae
1043 3890 1175 3950 ubscuris

111 3985 303 4044 velaminibus
325 3987 530 4056 involvuntur,
548 3986 722 4062 interpretes
735 4003 815 4052 esse,
833 3997 1003 4042 conrates:
1022 4001 1111 4060 quare
1124 3985 1174 4062 qui

110 4077 244 4136 uaticinia
259 4077 405 4155 judicant,
425 4097 484 4136 nou
500 4091 578 4138 tutes
600 4077 641 4136 itti
664 4077 795 4154 quidem,
816 4077 866 4136 sed
887 4076 1053 4154 prophetie,
1072 4075 1176 4153 idest,
