2756 4692
459 395 720 464 prunnon.
1049 398 1121 492 479

36 511 342 614 appellantur²⁵‚
365 529 505 586 tentare
533 515 651 602 volui,
680 530 877 613 possentne
901 515 1056 613 proferri
1084 522 1122 588 in

38 626 173 696 lucem
185 623 233 710 ²⁶,
248 623 284 695 id
298 639 369 711 est,
387 628 425 696 in
439 623 558 696 sorum
568 679 577 712 ,
589 641 624 695 et
642 629 690 696 ita
703 623 772 696 dici
784 677 793 712 ,
807 639 847 696 ut
861 624 1123 723 probarentur3

38 760 86 804 an
109 735 191 806 alia
206 732 368 832 quaedam
384 749 477 806 esset
495 734 689 822 erudita²⁷‚
703 734 771 804 alia
789 734 973 832 popularis
990 737 1122 806 oratio:

40 865 176 937 eoque
210 841 334 938 scripsi
366 835 588 930 libentius²³,
624 838 724 936 quod
755 839 842 910 mihi
870 841 937 910 ista
960 835 1124 937 παράδοξα

40 975 133 1046 qnae
153 950 394 1046 appellant²⁹,
414 951 567 1021 maxime
592 949 761 1020 videntur
783 973 861 1022 esse
880 952 1059 1022 Socratica
1073 947 1125 1037 ³⁰,

40 1062 244 1156 longeque
263 1061 457 1132 verissima.

95 1171 271 1266 Accipies
297 1172 406 1266 igitur
427 1170 498 1241 hoc
524 1193 675 1267 parvum
696 1171 931 1268 opusculum,
956 1168 1163 1243 lucubri-5

43 1279 229 1350 tum-his
258 1279 330 1374 jam
360 1275 700 1364 contractioribus³¹
729 1279 913 1369 noctibus3
949 1283 1125 1378 quoniam

44 1389 146 1460 illud
177 1388 356 1482 majorum
387 1387 629 1487 vigiliarum³²
659 1415 795 1463 munus
820 1394 858 1462 in
886 1406 951 1462 tuo
978 1393 1127 1465 nomine

45 1607 156 1652 nionem
173 1603 283 1650 omnium
293 1623 317 1651 ι.
334 1599 411 1653 Ausd.
426 1601 470 1662 11,
483 1610 533 1664 44,
547 1613 572 1651 et
614 1601 781 1670 sensissemus
793 1604 818 1653 b.
832 1603 850 1654 l.
863 1605 966 1670 intelligi
979 1605 1079 1672 nequit,
1091 1607 1128 1655 ls-

44 1684 93 1732 lib.
117 1681 150 1730 de
170 1683 226 1731 Flu.
245 1683 291 1739 lv,
311 1697 355 1743 ²7·
376 1683 572 1746 Exponunturs
615 1681 694 1743 tiore,
720 1683 813 1732 etiamsi
833 1699 877 1748 pet
899 1702 925 1733 se
948 1685 1006 1733 ferri
1027 1696 1126 1750 posset,

47 1765 178 1813 Ciuerone
191 1760 222 1808 sd
235 1759 363 1824 qusmdsm
378 1760 454 1808 veluti
472 1760 573 1810 senilem
615 1773 696 1810 umen
714 1762 779 1810 idem
802 1774 880 1824 esset,
901 1765 969 1828 quod
988 1764 1013 1812 itt
1031 1766 1125 1824 hoen,

48 1841 275 1899 declamationem,
288 1847 316 1886 ut
329 1839 381 1904 ipse
396 1855 448 1886 esm
461 1851 533 1888 voest
547 1841 573 1886 in
615 1841 722 1905 ideoque
735 1843 855 1907 ineptum.
870 1847 954 1894 Gsur.

48 1923 129 1968 Tuse.
141 1921 168 1978 l,
182 1935 203 1968 u.
215 1928 239 1976 4.
252 1921 337 1984 ltsque
348 1919 431 1967 scribit
441 1919 574 1967 Suetonius
651 1935 694 1981 ²7·
708 1921 776 1969 Esset
787 1923 891 1973 eredita.
905 1921 969 1971 Pitb.
984 1923 1074 1972 omittit
1088 1939 1129 1970 es-

49 2000 83 2047 de
98 1999 168 2047 Cler.
183 1997 286 2046 libetur.
301 2013 324 2046 u.
342 2011 369 2057 t,
382 1997 524 2046 Cleerouem
536 2011 573 2044 se·
616 2011 659 2049 set.
672 2001 755 2048 Gru.

49 2083 151 2128 uiorem
164 2077 429 2142 quoquedeclsmtsse.
445 2078 520 2127 Fsco.
651 2080 694 2130 28.
715 2081 799 2144 quue
815 2079 900 2145 scripsi
922 2080 1038 2129 libentius.
1061 2081 1132 2144 Qus·

90 2159 137 2208 25.
162 2159 332 2221 Appellantur.
355 2158 418 2206 Pith.
442 2167 573 2215 vocantur,
616 2159 725 2209 tuordeo.
738 2158 1132 2224 Ald.etse10u.eoque(uuus
1180 2157 1183 2160 ’

50 2243 141 2304 Quum
149 2239 238 2288 eodem
247 2237 309 2288 eod.
317 2239 409 2302 Lsngio
416 2249 440 2286 et
449 2240 574 2288 Anemteo.
616 2241 665 2287 Ox.
673 2237 776 2302 ideoque
784 2241 794 2305 )
803 2261 815 2280 ι
824 2239 870 2287 bos
880 2239 949 2287 loeos
957 2239 1043 2305 scripsi
1052 2239 1131 2288 libeu-

53 2320 174 2366 Graerius
194 2331 219 2366 et
236 2318 340 2366 Fectiol.
359 2317 430 2382 plene
450 2318 575 2380 iuterpun·
617 2318 689 2366 tius»
708 2316 955 2384 (Ald.1ulentas).;
979 2330 1042 2377 tres,
1055 2335 1131 2384 eoque

53 2409 120 2463 gunt
128 2409 187 2446 ante
196 2401 307 2446 Tentare.
317 2396 441 2446 Ernestius
451 2393 574 2443 revocavit
617 2399 723 2458 omisso,
738 2417 749 2440 ι
760 2397 831 2444 looos
842 2397 928 2462 scripsi
941 2397 986 2447 lib.·
999 2419 1009 2440 ι
1026 2399 1110 2448 Gru.

53 2479 182 2542 sulgstsm
196 2488 256 2526 vett.
269 2475 325 2526 edd.
339 2477 457 2524 rationem
474 2489 575 2537 eamque
652 2468 695 2540 ἐς.
715 2477 776 2540 Qece
793 2476 927 2540 appellant.
947 2477 986 2524 Sic
1003 2477 1053 2524 duo
1069 2476 1130 2526 Ald.

53 2556 259 2620 probabiliorem.
273 2555 344 2603 Unus
356 2553 413 2602 ΑΜ.
425 2573 439 2596 s
447 2562 471 2601 et
482 2563 574 2601 tentare
616 2564 641 2600 et
651 2565 699 2601 tres
708 2556 773 2602 on.
784 2547 907 2618 (quorum
921 2571 982 2602 unus
993 2552 1132 2619 appellent)

54 2635 162 2694 totuin
173 2634 214 2682 alii
225 2651 256 2682 ac
267 2643 328 2681 tent.
338 2649 365 2681 ν.
376 2632 464 2694 reliqui
475 2641 575 2695 septem·
617 2631 656 2679 erl.
673 2631 750 2696 Lugd.
767 2633 849 2680 Grses.
864 2633 970 2681 Fueoiol.
987 2634 1053 2680 Oliv.
1071 2635 1130 2681 Ern.

54 2715 113 2764 dee.
140 2712 201 2762 Ald.
225 2713 341 2761 omittunt
366 2711 574 2772 conjunctionem.
617 2711 714 2776 Reliqui
730 2711 899 2776 appellantur,
913 2712 980 2775 quod
996 2722 1033 2760 est
1050 2723 1131 2760 usus·

54 2797 145 2845 Gsrrr,
159 2819 195 2829 -
213 2785 290 2840 beutl.
307 2791 365 2856 legit
382 2801 407 2837 et
423 2789 573 2852 distinguit:
617 2791 693 2838 lutum
708 2805 721 2836 e
737 2789 904 2853 superioribus
919 2805 926 2838 t
944 2805 995 2837 nou
1016 2791 1081 2838 enim
1100 2790 1133 2838 sb

56 2873 114 2920 «sb
131 2871 192 2936 ipsis
207 2871 277 2918 etism
292 2863 424 2936 παράδοξα
441 2869 575 2934 appellite,
618 2867 732 2916 omuibus
751 2861 847 2934 uepsid.
867 2867 1034 2932 appellantur,
1054 2868 1097 2916 sed
1118 2887 1132 2916 ι

56 2962 153 3001 tentare
178 2951 280 3000 solui».
307 2949 354 2998 Sed
376 2959 475 3016 proestst
496 2959 576 2996 tumen
618 2947 714 2996 Stoicis.
725 2947 754 2994 ln
763 2963 814 2994 uuo
824 2947 874 2995 Ox.
886 2946 914 2994 h.
925 2963 950 2994 v.
961 2947 1035 2996 deest.
1048 2949 1131 2996 Gser.

55 3031 133 3080 lectio
147 3029 211 3080 cod.
226 3025 313 3078 Duisb.
326 3051 339 3071 ι
348 3039 372 3076 et
385 3028 416 3076 sb
430 3029 489 3092 ipsis
504 3029 575 3075 etism
655 3027 696 3074 30.
712 3025 848 3075 Socratica.
869 3025 986 3073 Exierunt
1003 3042 1034 3073 ex
1049 3026 1131 3076 echols

55 3127 118 3178 παρ.
140 3107 310 3172 appellantur,
330 3119 423 3156 tentare
444 3105 518 3156 vol.»
539 3110 576 3154 lta
618 3105 736 3165 Socratis,
754 3107 797 3168 qui
816 3105 842 3152 in
859 3103 931 3151 rebus
950 3105 1064 3153 omuibus
1081 3121 1133 3152 nou

56 3199 286 3254 opponuntursunt
296 3197 321 3235 et
330 3186 494 3252 appellantur.
506 3188 576 3234 llsnc
618 3185 686 3249 vulgi
709 3183 866 3249 opinionem,
890 3184 933 3232 sed
959 3185 1084 3232 veritatem
1109 3197 1134 3234 et

56 3269 207 3325 lectionem,
220 3267 320 3315 sublatis
334 3284 347 3315 e
362 3277 430 3314 textu
443 3267 518 3330 signis
531 3281 576 3330 pu·
618 3263 770 3313 honestatem
808 3263 960 3328 sequebatur.
993 3265 1067 3312 Ftcc.
1099 3291 1134 3301 -

57 3346 217 3404 antheneus,
232 3347 371 3410 receperim.
384 3343 451 3393 Idem
463 3345 541 3392 ilenti.
553 3355 577 3392 et
619 3343 730 3392 Graevius
748 3353 847 3402 monet,
861 3341 922 3406 quid
935 3342 976 3389 alii
991 3342 1135 3408 philosophi

58 3425 192 3475 Schutsius
203 3425 228 3472 iu
241 3424 300 3473 edit.
620 3423 651 3472 de
670 3421 800 3488 paradoxis
817 3421 949 3484 senserint,
967 3421 1078 3471 docuisse
1093 3424 1136 3472 Li·

95 3505 142 3554 26.
158 3505 187 3550 ln
200 3502 284 3550 iucem.
298 3505 340 3552 Sc.
354 3519 385 3550 ex
398 3500 502 3564 ungulis.
517 3501 577 3550 vid.
620 3504 699 3566 prium
707 3500 889 3550 Manuducmd
898 3502 974 3550 Stolo.
985 3501 1075 3566 philos.
1086 3505 1136 3562 111,

58 3584 89 3632 sd
102 3585 158 3632 Cst.
173 3583 210 3630 M.
221 3599 244 3630 c.
256 3590 281 3640 l,
294 3581 420 3631 rs.Verbe
435 3602 446 3624 ι
459 3579 486 3628 id
498 3591 542 3643 est,
551 3581 577 3628 in
620 3581 714 3630 dissert.
730 3596 754 3628 s.
766 3581 851 3630 Gnst.

59 3666 142 3712 sorum
155 3682 168 3703 n
185 3661 273 3710 sbsuut
292 3676 306 3707 s
325 3660 404 3708 trihus
421 3657 479 3708 ΔΜ.
501 3658 577 3707 duob.
656 3663 699 3710 ³1.
716 3657 919 3709 Contraction'brts
932 3660 1048 3709 noctibus.
1061 3665 1137 3710 AEsts·

59 3745 126 3792 Oxx.
135 3752 161 3789 et
169 3740 209 3790 ed.
217 3741 351 3789 Anemoecii
362 3737 443 3803 15653
454 3739 577 3786 tresOxx.
621 3750 653 3787 te.
671 3738 736 3787 Vide
753 3737 847 3786 Mureti
866 3740 927 3789 Vsr.
947 3741 1013 3788 Lect.
1034 3743 1136 3800 xvm,

59 3833 85 3870 et
100 3822 153 3870 duo
166 3821 264 3868 Menut.
279 3841 291 3862 u
301 3819 340 3866 vel
354 3818 379 3866 in
393 3819 472 3866 forum
482 3834 510 3875 »ς
526 3817 576 3865 duo
623 3819 663 3866 13.
677 3819 783 3866 Outvsr.

60 3913 103 3950 «et
113 3903 141 3949 iu
151 3902 230 3949 forum
240 3923 263 3946 n.
274 3895 373 3949 Sebiitz.
383 3899 409 3945 in
418 3897 483 3945 libro
493 3896 578 3944 inscri-
658 3897 700 3945 32.
718 3897 839 3962 Majorsm
853 3895 1001 3962 uigiliamm.
1020 3897 1138 3946 Tusculu-

60 3991 105 4046 pto
119 3982 204 4030 litter.
214 3979 408 4045 Spatst'ergdnge
429 3978 481 4025 brec
504 3977 577 4026 verbs
620 3976 687 4025 lsuss
698 3976 857 4040 questiones,
869 3975 946 4024 libros
959 3975 989 4024 de
1001 3977 1099 4024 linibus
1111 3986 1137 4024 et

60 4059 222 4125 proscripsit,
237 4069 261 4107 et
277 4059 303 4106 iu
316 4060 393 4106 lucem
406 4059 578 4122 interpretetur
621 4055 652 4103 de
667 4057 758 4105 Nature
776 4057 892 4105 Deorum.
910 4059 981 4103 rice.
997 4081 1032 4092 —
1050 4057 1137 4105 Ptullo

61 4141 85 4188 in
96 4137 359 4206 vulgus,ssseutiente
371 4140 451 4186 Wets.
466 4137 578 4185 Arctiore
622 4145 693 4198 snte,
712 4133 775 4183 Cod.
793 4134 882 4184 Dnish.
902 4145 994 4198 trtnsp.
1014 4134 1071 4183 this
1087 4137 1136 4198 jam
