2770 4688
419 343 744 436 mmonucno.
830 377 833 384 ·
1085 384 1109 456 9

66 485 248 574 divulgatos,
262 481 320 546 sed
334 484 504 550 exstinctos
519 488 675 569 voluisse3
690 503 787 572 atque
798 468 841 548 ita
851 503 911 571 pro
923 497 1011 546 certo
1024 482 1110 546 sumi

65 613 162 678 posse,
181 591 326 654 Atticum
351 589 447 669 hujus
471 592 631 655 voluntati
657 591 911 678 obtemperasse,
936 611 1056 676 quum,
1083 589 1110 652 si

64 717 143 758 secus
161 695 305 775 fecisset,
332 693 439 758 multae
460 718 511 760 res
529 695 744 761 incommode
766 696 888 759 auctori
910 693 986 758 inde
1004 694 1110 759 enasci

63 801 241 887 potuissent.
263 800 389 865 Deinde
408 815 603 890 quamquam
623 801 754 890 quidem
773 799 929 865 nonnulla
948 801 981 863 iu
999 815 1109 888 poste-

63 905 186 970 rioribus
196 903 394 970 Academicis
408 905 515 971 addita
525 907 606 988 sint,
617 906 717 971 multa
727 923 835 970 tamen
845 907 939 972 etiarn
949 905 1110 993 prioribus

64 1025 90 1072 et
105 1009 240 1074 detracta
259 1026 291 1076 st
307 1011 342 1074 in
362 1011 491 1076 brevius
512 1027 622 1076 coacta
640 1033 726 1092 esse,
748 1011 793 1075 sic
809 1027 847 1074 ut
863 1011 898 1074 hi
917 1011 1111 1100 posteriores

62 1115 125 1178 libri
140 1114 225 1179 baud
242 1117 286 1180 ita
300 1117 409 1205 magni
423 1117 556 1182 fuerint.
576 1118 634 1182 llis
648 1116 778 1182 additur
792 1117 946 1205 temporis
957 1117 1111 1198 brevitas,

64 1242 118 1307 qua
136 1222 228 1310 pauci
251 1224 303 1286 rel
326 1221 412 1306 dies,
437 1224 504 1305 vel,
521 1222 563 1287 ad
583 1246 764 1305 summum,
784 1220 1003 1288 hebdomades
1028 1222 1113 1286 inter

64 1328 215 1392 consilium
245 1329 366 1393 borum
392 1329 549 1412 librorum
575 1329 615 1394 ad
634 1331 812 1394 Varronem
837 1326 1113 1393 traducendorum

65 1447 178 1518 captum
199 1450 233 1497 et
254 1451 421 1523 peractum
442 1436 709 1500 intercesserint:
732 1453 832 1523 prout
853 1435 945 1500 facile
970 1456 1009 1498 ex
1031 1435 1112 1515 XII,

65 1557 105 1624 up.
122 1537 159 1614 45
177 1539 237 1626 (al.
256 1541 343 1628 44),
361 1539 474 1605 collata
491 1563 566 1605 cum
583 1540 724 1630 epistolis
741 1541 815 1606 libri
833 1541 914 1605 XIII
934 1540 1114 1626 computari

66 1641 149 1708 leuat.
179 1645 333 1734 Denique
367 1646 394 1710 si
421 1669 472 1736 ep.
497 1647 556 1730 32,
585 1646 700 1712 Catulo
725 1661 757 1710 et
782 1645 935 1738 lucullo,
961 1645 1049 1709 libris
1073 1644 1115 1710 ad

66 1747 191 1812 Atticum
215 1751 342 1834 missis,
374 1773 457 1816 nova
483 1758 642 1840 pmoemr'a
667 1751 780 1816 addita
808 1750 973 1831 dicantur,
1003 1750 1117 1836 quibus

68 1873 153 1916 corum
173 1867 304 1944 uterque
323 1855 480 1938 laudm,
505 1856 727 1945 accipiendum
750 1853 785 1919 id
805 1877 881 1918 cum
901 1854 1115 1941 Chapmauno

67 1955 116 2042 (ct.
130 1959 222 2042 hujus
236 1960 366 2026 dissert.
389 1963 536 2029 chronol.
554 1961 596 2026 de
612 1977 704 2026 aetate
719 1960 797 2026 libb.
813 1959 854 2024 de
869 1960 965 2048 Legg.
983 1983 1016 2046 p.
1034 1982 1075 2024 ao
1087 1959 1116 2046 );

68 2061 104 2126 sic
116 2085 193 2148 esse,
211 2083 251 2130 ut
269 2067 377 2131 Catuli
395 2084 429 2132 et
443 2066 568 2134 Luculli
586 2066 776 2132 nominibus
792 2089 859 2130 non
876 2087 1038 2147 numerus,
1057 2065 1115 2130 sed

66 2187 149 2251 genus
162 2168 323 2235 librorum
341 2169 538 2261 designetur,
549 2172 723 2260 iocoseque
735 2169 926 2236 Academica
938 2171 1116 2258 posteriora

69 2293 162 2338 eorum
177 2277 326 2340 uirorum
352 2278 558 2361 nominibus,
580 2301 617 2344 ex
641 2278 796 2344 diuturna
816 2277 958 2342 auctoris
976 2297 1115 2341 consue·

69 2375 176 2463 tudine,
188 2383 420 2471 insigniantur,
432 2384 551 2473 quibus
563 2383 631 2448 duo
640 2383 714 2448 libri
723 2384 869 2472 priorum
880 2382 983 2446 notati
997 2397 1113 2446 essent.

69 2477 163 2569 Neque
187 2509 225 2551 ex
250 2487 379 2552 ultimis
401 2487 463 2552 illis
489 2489 653 2552 Ciceronis
678 2488 784 2552 verbis
810 2509 940 2552 necesse
965 2509 1051 2570 esse,
1080 2503 1117 2552 ut

72 2582 197 2674 Catulus,
212 2591 299 2656 liber
314 2593 445 2681 aliquis,
459 2593 590 2680 periisse
603 2591 773 2658 credatur:
787 2592 845 2658 sed
860 2594 934 2658 setis
948 2593 1038 2658 hunc
1052 2592 1116 2670 jam

70 2697 362 2762 commemoratione
379 2696 448 2777 ejus
465 2699 612 2786 pluribus
636 2698 671 2762 in
690 2697 825 2764 Lucullo
844 2698 922 2762 locis
939 2696 1118 2765 honorifica

69 2793 280 2868 renuens.
884 2784 892 2798 “

102 2901 286 2995 Multiplices
302 2907 373 2972 haec
390 2931 482 2974 ansas
499 2909 638 2992 babent,
659 2910 779 2998 quibus
796 2905 956 2996 prehendi
973 2908 1116 2995 possint,

71 3026 150 3090 qturc
170 3012 247 3077 nihil
271 3029 341 3094 est,
366 3007 466 3078 utad
487 3014 629 3104 singula,
654 3015 774 3102 quibus
798 3013 867 3076 baec
891 3029 1117 3100 exponuntur,

71 3107 303 3202 descendemus3
324 3140 426 3206 quum
444 3117 495 3184 vel
512 3119 553 3184 ad
570 3120 639 3184 boec
656 3120 783 3208 potiora
803 3116 901 3180 modo
920 3117 1116 3205 respondere

72 3213 153 3283 liceat
181 3225 292 3312 Atque
319 3223 462 3310 primum
493 3223 625 3312 quidem
650 3247 687 3288 ca
713 3221 959 3308 consequentia,
987 3245 1051 3310 qua
1065 3247 1117 3290 ,ex

71 3319 211 3392 llicerouis
237 3330 349 3418 priora
369 3329 558 3396 Academica
585 3328 713 3396 delendi
733 3329 898 3394 voluntate
917 3325 960 3392 ad
983 3351 1020 3394 ea
1042 3353 1117 3396 vere

72 3421 155 3492 deleta
171 3434 389 3517 concluditur,
408 3454 621 3524 preterquam
638 3435 730 3527 quod
749 3456 807 3522 per
825 3456 858 3498 sc
876 3434 1034 3500 imbecille
1049 3452 1116 3519 est,

72 3527 196 3614 pluribus
211 3541 310 3604 ctiam
325 3540 506 3608 rationibus
519 3541 718 3629 infringitur.
733 3539 887 3604 Poterant
900 3540 986 3604 enirn
996 3587 1006 3621 ,
1018 3541 1116 3606 inter·

73 3631 145 3722 lflpso
158 3645 299 3730 plurium
312 3644 556 3710 hebdomadum
567 3663 731 3734 tempore,
748 3666 815 3709 non
831 3646 936 3712 solum
946 3646 1039 3733 plura
1051 3647 1116 3726 jam

75 3749 240 3834 exemplaria
255 3750 423 3816 divendita
440 3773 526 3832 esse,
548 3775 650 3839 quum
671 3751 855 3839 complures
872 3749 958 3840 apud
971 3752 1117 3816 Atticum

73 3839 172 3914 librati
184 3853 215 3918 in
229 3855 282 3922 his
296 3854 517 3922 describendis
529 3871 782 3945 occuparentur:
796 3854 853 3920 sed
868 3855 1006 3919 nimium
1019 3857 1115 3920 etiam

74 3969 168 4020 tuctur
176 3961 282 4028 Attico
299 3961 431 4042 tribuit,
450 3963 570 4051 quippe
586 3963 643 4050 qui
659 3983 698 4026 ex
713 3961 802 4027 libris
818 3960 859 4026 de
872 3961 1008 4026 Finibus
1019 3962 1116 4050 quiu-

75 4067 132 4120 lum
153 4061 286 4149 librum,
313 4067 418 4132 invito
441 4068 611 4149 Cleerone,
636 4083 810 4154 antequam
829 4067 873 4132 illi
894 4065 934 4130 ad
960 4069 1115 4152 Brutum,
