2776 4688
434 381 759 454 INTBODUCTIO.
1083 385 1124 456 15

67 501 261 568 difficultates
276 521 373 588 penne
387 521 501 564 omnes
517 499 743 589 expediuntur,
759 524 897 589 querum
912 527 1006 570 ceusu
1025 506 1126 572 inter·

67 625 160 698 protes
176 605 357 672 sententies
373 621 438 670 tem
455 604 594 674 diversos
612 606 766 674 inierunt.

104 715 280 778 Veniemus
312 733 401 776 nuuc
430 709 471 776 ad
502 712 689 798 posterioris
722 709 872 776 editionis
905 717 1063 782 radonem
1093 735 1126 784 et

12 829 13 852 l
64 841 194 884 usumin.
220 819 306 882 Eum
328 814 460 904 quidem
484 816 616 898 Cicero,
641 833 796 906 utsupra
821 815 978 902 diximus,
1003 823 1125 888 nullum

12 961 13 966 κ
62 925 149 988 alam
171 923 288 1004 affert,
312 943 411 1008 quens
434 919 524 1010 quod
548 921 583 988 in
606 921 714 1010 priore
734 944 881 1010 personae
903 925 1125 1013 colloquentes

62 1053 169 1120 perum
181 1053 262 1094 crim
276 1049 387 1092 rerum
399 1042 608 1092 uuctstsrunr
625 1027 800 1094 subtilitate
821 1031 1034 1112 conveniant,
1056 1055 1124 1098 uon

62 1137 187 1226 quidem
203 1151 344 1224 propter
356 1153 470 1198 eorum
486 1140 651 1198 ἀπαιδιιιίιιι
669 1134 729 1221 (cf.
747 1156 798 1222 ep.
817 1133 895 1223 15);
909 1135 1126 1216 injuventute

12 1263 13 1270 ¹
63 1244 142 1308 eninr
155 1242 201 1306 illi
218 1240 461 1330 philosophiam
476 1240 665 1330 attigerant,
680 1239 737 1306 sed
753 1239 797 1306 ob
813 1241 1005 1308 eorumdem
1021 1245 1055 1308 in
1073 1225 1136 1309 liis

61 1359 182 1428 ιιριιέω,
203 1369 313 1436 quum
335 1345 415 1410 illud
439 1345 585 1412 studium
605 1345 765 1412 adultiore
787 1362 879 1412 aeute
900 1349 1124 1436 neglexissent.

62 1457 98 1517 Δι
113 1455 139 1518 si
154 1453 243 1517 huuc
255 1453 357 1516 solem
374 1450 445 1531 ejus
464 1451 656 1515 reiesussrn
673 1468 840 1540 putemus,
857 1451 911 1518 isti
929 1453 991 1542 ipsi
1011 1455 1126 1520 Cicero

62 1560 144 1623 licile
157 1558 327 1647 prooemiis
343 1557 459 1622 additis
475 1579 644 1622 occurrere
659 1573 800 1644 poterut,
818 1558 844 1622 si
858 1558 892 1622 in
909 1559 959 1624 his
980 1558 1125 1626 &tulum

62 1682 88 1727 et
104 1664 274 1730 bacellum
297 1687 337 1728 ex
359 1663 437 1727 olim
457 1662 596 1752 coguitis
617 1663 686 1728 hnc
707 1664 949 1730 reminiscentes
972 1663 1125 1754 lingeret,

63 1788 146 1836 utet
168 1787 285 1860 postes
308 1769 350 1834 eb
373 1770 444 1858 ipso
466 1771 586 1834 facum
612 1785 646 1834 et
664 1768 830 1851 videmus,
857 1786 890 1834 et
909 1771 1057 1858 pluribus
1082 1773 1125 1840 sd

62 1877 224 1942 Lucullum
245 1876 462 1940 monebimus.
479 1875 521 1940 Et
539 1875 597 1963 qui
612 1875 803 1940 Ciceronem
821 1875 1001 1940 accuratius
1019 1871 1123 1958 norit,

63 1983 184 2048 ulsdle
199 1981 421 2064 confitebitur,
439 1981 570 2046 cessisse
585 1980 675 2047 hunc
689 1981 788 2048 seculi
804 1981 882 2045 vitio
898 1997 931 2046 et
944 1995 1123 2047 ποιιτιιιντοι

65 2112 143 2176 poentt
160 2089 365 2169 necessitati,
378 2086 511 2153 utillud
526 2103 629 2175 poetae
646 2085 787 2168 dictum,
801 2085 835 2158 ὁς
849 2104 874 2164 χ’
892 2099 970 2168 {repes
987 2099 1029 2169 μὲν
1045 2101 1122 2152 stellet

63 2206 92 2258 el
107 2207 204 2278 μιν,
222 2205 287 2258 ms
305 2199 336 2258 «ll
353 2206 439 2270 βάζει,
456 2191 545 2258 haud
561 2193 605 2258 its
620 2215 693 2260 roro
711 2192 744 2258 in
765 2193 871 2281 ipsum
889 2194 992 2282 aptari
1011 2195 1121 2260 liceat:

62 2301 113 2366 luc
129 2319 243 2366 autem
268 2301 303 2364 in
323 2323 357 2364 re
372 2300 424 2363 rel
441 2300 581 2364 serenior
598 2298 700 2364 virtus
719 2299 852 2386 potioris
874 2299 1008 2364 rationis
1027 2299 1122 2366 dissi·

62 2409 264 2474 mollitionem
278 2405 448 2470 excusarit.
464 2407 533 2470 lem
544 2427 623 2468 vero
638 2427 704 2470 non
719 2405 754 2468 iu
768 2421 910 2470 mentem
924 2406 1048 2488 solum,
1063 2407 1121 2472 sed

62 2511 223 2576 occulos
248 2510 360 2598 qrrasi,
385 2509 520 2598 insignis
546 2509 599 2574 ills
623 2508 793 2596 utriusque
816 2508 987 2592 editionis,
1013 2511 1123 2598 quoad

61 2639 225 2682 numerurm
236 2615 411 2696 librorum,
422 2613 604 2680 differentis
612 2613 765 2695 incurrit,
778 2613 866 2678 unde
878 2615 1006 2704 gravior
1014 2615 1121 2704 alique

61 2743 164 2786 eonrm
176 2720 368 2786 relictorum
382 2741 477 2784 musa
488 2719 604 2800 conjici
616 2741 682 2784 uon
696 2719 766 2782 sine
775 2720 848 2800 jure
857 2742 952 2807 posse
963 2718 1121 2786 videntur.

62 2829 197 2894 Habilior
212 2843 303 2892 certe
314 2827 362 2890 sic
375 2849 487 2890 rerum
497 2825 715 2914 expositarum
728 2824 810 2889 ordo
823 2825 980 2901 essuries,
995 2847 1123 2890 esrum·
1214 2835 1217 2844 '

62 2955 116 3018 que
127 2951 253 2997 nature
265 2931 521 3010 convenienu'or,
536 2945 701 2998 auctorem
716 2928 899 2994 invitaverit
914 2951 1043 2994 necesse
1055 2947 1123 3016 est,

63 3055 94 3102 ut
110 3041 205 3104 binos
229 3038 302 3102 illos
321 3038 421 3102 libros
443 3037 478 3100 in
501 3052 642 3123 quatuor
662 3033 780 3100 divisos
800 3037 905 3100 vellet.
930 3037 970 3100 Id
987 3037 1120 3124 quidem

61 3143 158 3230 ipsum
174 3163 364 3223 teneamus,
378 3159 436 3224 nt,
449 3165 516 3230 quo
530 3139 659 3222 tendat,
672 3140 780 3207 ridere
795 3141 911 3223 liceat,
921 3144 947 3205 si
961 3140 1046 3206 forte
1061 3144 1123 3208 hac
1191 3148 1194 3156 ’

63 3250 103 3314 ris
124 3253 183 3316 lux
210 3251 319 3338 alique
344 3249 440 3313 nobis
462 3249 612 3313 veluteis
637 3247 814 3336 improviso
838 3248 1015 3314 oboriatur.
1043 3249 1123 3324 Esse

62 3373 161 3420 autem
187 3357 330 3420 maxime
352 3339 523 3419 reridmile
550 3351 697 3434 ridetur,
729 3353 919 3418 Ciceronem
954 3354 987 3418 in
1014 3358 1122 3443 priore

63 3461 207 3526 binorum
236 3461 395 3525 librorum
422 3459 564 3524 editione
591 3460 681 3525 buno
709 3481 818 3524 rerum
845 3459 992 3526 ordinem
1021 3462 1120 3527 fuisse

63 3585 247 3654 sequutum,
264 3583 303 3631 nt
315 3567 415 3630 sltem
432 3567 534 3649 libro,
551 3587 590 3630 ex
603 3587 670 3653 quo
682 3565 813 3635 brenen
829 3567 930 3633 totius
942 3566 1120 3634 Academico

64 3671 303 3740 telmessum
315 3671 533 3762 proenrisisset,
545 3669 717 3736 Carneadis
727 3672 917 3741 sententiam
930 3689 1122 3762 exponeret,

64 3777 155 3842 altero
171 3800 263 3860 eam,
282 3799 380 3866 quern
402 3777 470 3866 ipse
490 3777 702 3866 sequebatur,
721 3777 883 3858 Philonis,
901 3795 940 3842 nt
956 3779 988 3841 in
1011 3781 1120 3842 lutro-

65 3881 209 3948 dnctione
230 3883 273 3948 sd
296 3884 467 3950 Lucullum
492 3884 568 3949 sutis
590 3883 705 3948 dooere
730 3905 790 3950 nos
817 3905 912 3972 posse
936 3905 1120 3972 speremus,

65 4007 160 4075 ecque
180 3989 317 4078 lectores
336 3989 531 4077 ablegamus.
559 3985 659 4070 Quod
680 3987 707 4052 si
729 3988 773 4052 ita
798 4002 863 4068 est,
884 3986 924 4051 de
948 4009 1015 4074 quo
1039 3987 1122 4052 nihil

67 4090 305 4176 dubitamus,in
315 4093 1120 4185 hocipsolortecsusnquoquetsntaeinlibrorum
