2784 4666
531 351 725 420 TIMAEUS.
791 423 797 434 ,
1096 350 1160 424 581

88 472 314 556 sustinetur,
346 467 416 540 diei
452 471 640 567 noctisque
665 468 902 555 effectricem,
928 471 1163 571 eamdemque

89 577 305 664 custodem,
319 580 601 676 antiquissimam
615 577 788 654 deorum8
800 579 914 650 voluit
926 604 1002 651 esse
1017 605 1161 670 eorum,
1178 599 1181 608 ’

89 691 162 784 qui
173 689 267 759 intra
278 687 402 760 caelum
414 694 656 786 gignerentur.
669 693 855 766 nexiones
866 704 986 762 autem
996 690 1160 780 deorum,

88 812 129 867 et
151 799 249 869 inter
266 799 365 896 ipsos
382 797 470 870 deos
487 802 762 888 concursiones,
782 823 935 898 quaeque
952 800 989 868 in
1009 799 1161 872 orbibus

87 930 225 978 eorum
236 911 488 981 conversiones
497 914 832 1006 antecessionesque
842 910 1160 1005 eveniant,quum·

87 1015 169 1112 que
181 1019 276 1088 inter
287 1042 326 1090 se
340 1043 441 1116 paene
451 1022 679 1116 contingant,
692 1045 772 1107 eos,
785 1020 849 1116 qui
862 1041 976 1116 prope
985 1017 1159 1115 copulen-

86 1139 155 1196 tur
168 1130 347 1198 contraria
358 1132 517 1226 regione,
532 1144 568 1200 et
581 1153 676 1227 pone
694 1155 800 1227 quos,
808 1144 870 1200 aut
886 1123 1160 1213 sarciebantur,

84 1235 304 1334 quibusque
320 1237 545 1335 temporibus
563 1263 584 1310 a
598 1254 724 1312 nostro
738 1237 909 1336 adspectu
929 1235 1159 1321 oblitescant;

84 1371 293 1444 rursusque
316 1351 444 1420 emersi
465 1364 637 1421 terrorem
662 1350 839 1420 incutiant
862 1347 1010 1418 rationis
1029 1370 1157 1443 exper-

84 1454 193 1526 tibus
208 1468 240 1543 9,
267 1459 295 1526 si
325 1456 445 1530 verbis
461 1459 651 1556 ,explicare
679 1482 873 1544 conemur,
912 1455 1014 1540 nullo
1039 1458 1158 1553 posito

83 1564 163 1636 sub
175 1567 290 1638 oculis
301 1567 512 1654 simulacro,
529 1591 652 1640 earum
661 1591 784 1640 rerum
800 1565 928 1636 frustra
943 1566 1158 1662 suscipiatur

82 1675 208 1747 labor.
941 1743 944 1747 .

138 1773 206 1857 ij
219 1785 288 1858 Sed
306 1786 381 1857 haec
398 1789 482 1859 satis
498 1790 568 1858 sint
583 1786 676 1858 dieta
692 1785 816 1874 nobis3
836 1811 916 1883 qute
929 1786 974 1858 de
988 1784 1157 1871 deorum,

83 1901 159 1992 qui
181 1911 400 1978 cernuntur,
421 1900 558 1994 quique
575 1898 645 1968 orti
669 1911 770 1982 sunt,
796 1910 923 1966 natura
943 1891 1078 1992 praefati
1096 1919 1155 1966 su·

80 2030 191 2093 mus,
221 2003 379 2076 babeant
401 2005 499 2078 hunc
524 2006 730 2078 terminum.
757 2005 1154 2102 Reliquorumautem,

79 2133 186 2206 quos
202 2113 314 2182 Graeci
333 2105 480 2206 δαίμονας
497 2111 699 2210 appellant,
717 2113 831 2184 nostri
844 2111 1002 2209 (opinor)
1017 2115 1156 2204 Lares1,

80 2319 178 2368 Euseb.
193 2321 271 2384 Praep.
285 2322 378 2385 Evsng.
392 2325 429 2380 Χ,
446 2324 470 2370 3.
480 2322 527 2372 Sed
541 2337 601 2371 con·
644 2325 717 2384 θεῶν,
738 2339 784 2388 pro
796 2339 843 2387 qus
854 2323 960 2371 lectione
970 2333 1082 2387 pugnant
1091 2321 1157 2370 Alci·

82 2411 123 2447 trs
144 2399 217 2447 sentit
234 2399 353 2459 Procius,
375 2403 419 2465 qui
441 2412 511 2466 putat
531 2402 557 2450 b.
577 2402 598 2450 l.
644 2401 991 2461 nous,cbsleidius,1’rocius‚
999 2412 1023 2449 et
1033 2402 1155 2449 recentior

81 2477 195 2526 Pistoris
222 2489 310 2526 terrens
339 2477 398 2542 fingi
430 2479 597 2537 immobilem,
643 2479 721 2530 nsit.
731 2482 823 2531 Ceteras
832 2480 890 2530 edd.
901 2481 1011 2546 praebent
1020 2477 1153 2545 sup-tirou

81 2556 143 2627 rrspi
155 2557 285 2619 sindicus
299 2563 341 2609 τοῦ
361 2559 455 2620 παντὸς
469 2560 597 2628 sutrim
642 2575 714 2624 quam
728 2559 860 2631 lectionum
875 2561 1032 2611 variationem
1046 2558 1152 2621 explieat

81 2635 127 2688 sui
147 2641 320 2706 συαφίγγιται,
341 2649 366 2686 et
385 2637 482 2702 longius
505 2640 594 2688 refellit
641 2637 763 2685 Mothrim
775 2638 800 2685 in
815 2637 881 2685 notis
892 2637 924 2684 sd
934 2639 1044 2700 Systems
1058 2635 1152 2684 intelle·

10 2711 11 2718 ’
82 2731 128 2764 eos
153 2717 195 2780 qui
216 2715 283 2764 bunc
297 2715 477 2764 Timaeiiocnm
490 2717 595 2774 eodem,
640 2716 719 2763 etnsle
729 2715 801 2778 Angli
816 2715 963 2773 Cndwortis,
976 2715 1019 2772 tv,
1032 2719 1072 2767 14.

81 2809 137 2858 quo
147 2794 299 2856 Aristoteles,
313 2810 385 2842 sensu
398 2794 544 2858 intelligunt.
555 2797 595 2844 Sic
677 2809 702 2856 9.
715 2795 851 2856 Rursusque
863 2793 949 2842 emersi
957 2802 1071 2838 terrorem
1082 2792 1151 2840 inctr-

82 2873 158 2920 etism
177 2872 242 2938 apud
262 2873 376 2936 antiquos
399 2873 429 2921 ds
445 2873 473 2922 b.
489 2873 508 2922 l.
522 2890 594 2924 sensu
640 2872 703 2920 nant
711 2881 758 2923 rat.
772 2887 831 2934 exp.
840 2873 879 2920 Sic
889 2873 916 2919 P.
925 2871 1057 2918 Manuteet
1066 2871 1149 2920 lamb.

82 2950 255 3001 dubitabatur.
275 2954 370 3000 Ernest.
390 2953 445 3014 jure
466 2953 545 3013 dicit,
568 2963 594 3002 nt
638 2951 689 3001 stit
701 2951 775 3013 vulgo
785 2963 901 3000 arreum.
911 2949 1019 2998 Gallicus
1029 2951 1149 3014 interpres

82 3030 158 3078 nobis
171 3031 374 3091 ridetur,vooens
385 3031 454 3078 anim
467 3033 595 3080 continere
639 3041 765 3094 utramque
793 3030 922 3078 lectionem
953 3029 980 3076 in
1012 3031 1148 3078 versionem

82 3119 167 3158 motus
178 3109 443 3174 indicationem,qtsis
455 3111 508 3158 exis
525 3113 595 3160 isest
635 3126 707 3164 ¹suum
717 3109 1074 3170 intulit,·iesterrenrs‚les
1090 3126 1148 3175 pro·

82 3186 158 3247 ideo,
180 3199 208 3237 nt
230 3188 291 3253 qnid
314 3189 378 3236 eires
396 3203 451 3236 euna
472 3189 593 3239 volvetur.
639 3189 733 3256 pbe'ties
746 3205 793 3254 que
811 3191 863 3240 leur
881 3199 964 3238 retonr
977 3190 1069 3256 inspira
1091 3188 1105 3238 i
1125 3191 1148 3240 ls

82 3267 140 3315 Nos
157 3267 183 3314 in
206 3269 317 3316 versione
340 3263 424 3331 gsilics
457 3267 528 3334 (Qui
550 3285 595 3333 psr
638 3271 733 3319 soieuoe
754 3269 994 3334 bunssineanitur
1013 3269 1055 3318 bic
1072 3280 1097 3318 et
1117 3271 1148 3320 de

83 3361 132 3394 son
155 3356 311 3394 montement
330 3346 361 3394 de
378 3346 487 3394 rotation
506 3358 595 3396 sutonr
639 3347 697 3398 solis
708 3349 821 3412 luneque
832 3347 949 3409 deiectu,
969 3359 994 3396 et
1016 3348 1047 3398 de
1066 3350 1148 3415 longis

83 3424 115 3472 de
128 3423 191 3472 l'sxe
200 3425 233 3472 du
244 3425 343 3481 monde,
355 3424 456 3489 produit
466 3425 595 3474 incessam-
638 3428 760 3477 stellarum
773 3427 1024 3492 peregrinationibus,
1046 3445 1101 3494 quse
1112 3431 1149 3478 iu·

83 3513 153 3551 ment
171 3503 207 3551 les
224 3505 293 3564 jours
306 3515 332 3552 et
352 3502 388 3550 les
406 3503 482 3568 nnita)
498 3505 594 3569 sequuti
639 3507 967 3570 tardiuseseostendebsut,
984 3520 1008 3557 et
1018 3521 1147 3574 postquam

83 3599 168 3631 snmus
193 3583 417 3648 interpretationem
440 3583 594 3643 Aristotelis,
639 3587 724 3636 oeulos
737 3587 882 3652 effugerant,
892 3603 945 3636 non
954 3589 1001 3638 nisi
1018 3601 1073 3654 post
1085 3589 1148 3638 suui-

83 3661 126 3726 qui
143 3677 201 3710 sane
213 3675 265 3710 nou
277 3676 349 3710 susus
367 3663 450 3710 fuisset
463 3658 527 3710 bauo
539 3679 594 3711 seu·
639 3675 679 3715 tos
690 3681 768 3714 annos
779 3667 867 3714 iteruin
876 3667 903 3714 is
917 3667 978 3716 ossio
988 3668 1146 3733 apparebant.

84 3740 184 3788 tentiam
198 3741 313 3805 magistro
322 3735 595 3814 suo'tribpene,sissu
639 3745 762 3808 Egyptiis
781 3755 897 3806 terrorem
919 3747 1054 3796 incutiebat
1079 3745 1149 3794 stelis

84 3820 192 3884 magistri
216 3819 255 3867 sni
280 3820 354 3868 fuisse
381 3835 429 3886 pro
454 3831 522 3870 certo
543 3837 595 3870 non
639 3822 834 3887 qutedaannsns
842 3824 1079 3888 eppeilsbsutAei,
1094 3839 1149 3887 quas

82 3895 215 3946 habuisset.
226 3899 254 3946 J.
267 3901 299 3946 V.
320 3899 348 3946 t.
640 3915 715 3966 quum
722 3901 783 3951 ereio
793 3919 819 3951 se
827 3903 979 3963 ostendebat,
991 3903 1149 3968 popolisper-

120 3979 144 4025 0.
159 3975 358 4040 Antiquissimum
375 3977 484 4030 deornm.
501 3979 596 4028 Euboe
641 3981 730 4030 uiciens
746 3979 1104 4048 etreqibusietuutnuntisbst.

85 4065 154 4121 patet
181 4056 323 4104 Ciceronem
350 4056 375 4102 in
407 4073 487 4120 grass-o
513 4058 598 4122 legisse
678 4063 727 4110 xl.
744 4073 767 4110 t.
784 4063 864 4110 Lares.
883 4059 975 4108 Mese
988 4057 1064 4108 rsrbo
1075 4058 1151 4110 utitur
