2744 4684
261 373 333 461 11311
592 371 640 437 Μ.
666 369 705 436 Τ.
732 361 976 435 CICERONIS

260 511 418 568 veterem
450 490 667 563 academiam
700 485 894 583 irruperit,
924 478 1046 550 nescio
1061 485 1104 544 ¹¹.
1131 472 1205 544 illa
1234 493 1327 541 vem
1362 511 1363 516 1

260 606 351 678 ferre
376 611 453 675 no'n
477 625 623 700 possum
635 654 651 692 ,Ι
666 622 742 669 non
766 620 841 694 quo
867 591 957 663 mihi
982 585 1214 687 displiceant;
1237 596 1326 654 sunt

260 719 358 789 enim
388 714 564 786 Socratica
593 710 766 808 pleraque
797 701 970 774 mirabilia
994 699 1212 780 stoicorum,
1245 715 1327 789 quta

260 817 420 919 παράδοξα
447 820 708 890 nominantur:
729 810 792 885 sed
810 809 875 880 ubi
893 813 1129 889 Xenocrates,
1151 796 1220 870 ubi
1246 798 1324 867 Ari·

259 930 403 1003 stoteles
422 931 487 1001 ista
506 927 644 1022 tetigit?
660 925 730 1004 hos,
749 923 843 994 enim
865 910 1128 1016 quasi-eosdem
1146 932 1230 980 esse
1250 903 1326 976 vnl-
1362 899 1363 964 l

260 1038 357 1113 tis¹³.
381 1041 436 1111 Illi
462 1060 634 1135 umquam
662 1034 841 1114 dicerent,
871 1029 1049 1125 sapientes
1077 1020 1175 1092 solos
1197 1039 1324 1112 reges,

261 1150 356 1222 solos
381 1148 532 1235 divites,
559 1145 655 1217 solos
679 1139 882 1214 formosos?
910 1136 1051 1219 omnia,
1075 1155 1156 1228 quae
1183 1126 1325 1222 ubique

262 1275 392 1348 essent,
406 1257 574 1357 sapientis
590 1279 665 1326 esse
675 1252 877 1324 lncminem
891 1245 1096 1330 consulem,
1115 1253 1325 1337 praetorem,
1362 1235 1363 1286 t

261 1375 535 1469 imperatorem,
554 1365 675 1436 nescio
695 1385 740 1432 an
763 1383 809 1430 ne
827 1355 1107 1455 quinquevirum
1119 1352 1152 1400 ¹¹*
1174 1343 1325 1442 quidem
1362 1413 1363 1450 ,

261 1503 501 1579 quemquam,
515 1476 583 1546 nisi
599 1469 821 1571 sapientem?
835 1479 1041 1565 postrem0,
1056 1457 1173 1530 solum
1188 1455 1324 1536 civem,

262 1589 379 1664 solum
406 1585 585 1660 liberum?
611 1585 821 1680 insipientes
844 1597 989 1659 omnes,
1012 1567 1243 1670 peregrinos,
1265 1587 1324 1632 ex·
1362 1619 1363 1664 1

262 1699 375 1786 sulcs,
403 1719 542 1779 servos,
566 1690 745 1763 furiosos?
765 1679 964 1787 denique¹⁵
991 1681 1123 1776 scripta
1146 1673 1324 1772 Lycurgi,
1362 1669 1363 1764 1

300 1895 339 1928 ra.
357 1876 480 1926 Auccitas
492 1873 588 1939 quidem
608 1872 655 1919 ista
673 1881 728 1916 sua.
740 1904 764 1916 ..
815 1866 895 1912 uirum
912 1877 968 1910 cum
986 1857 1130 1914 Aristotele,
1151 1853 1325 1918 Peripatetico·

262 1956 386 2022 irmperit,
404 1953 492 2003 nescio.
505 1952 554 2000 Ilia
572 1967 643 1999 uero.
657 1949 696 1997 Sic
709 1950 771 1996 Gor·
815 1959 870 1992 rum
880 1937 1254 2000 suctore,atqusita,peracraaas
1263 1946 1325 1979 ccm-

263 2053 336 2095 rena,
348 2034 395 2082 nisi
407 2032 477 2098 quod
496 2029 661 2093 interpungit:
671 2025 771 2075 risseio:
815 2037 919 2087 parans,
931 2034 982 2068 nou
991 2017 1086 2082 potuit,
1095 2013 1158 2079 quin
1171 2011 1247 2077 qma·
1258 2025 1324 2059 auum

264 2115 307 2163 itta
321 2129 389 2162 carc.
400 2109 524 2173 Intellige,
539 2107 620 2171 iuquit
631 2143 639 2166 ,
652 2119 771 2169 «quomo-
816 2101 924 2149 adderet.
937 2100 970 2148 G.

264 2193 298 2242 do
318 2203 367 2240 tam
390 2191 480 2238 atrocia
497 2182 615 2252 praecepta
631 2183 772 2250 (sapientem
855 2185 897 2234 st.
917 2173 1113 2242 Quinquertrum.
1135 2173 1224 2221 Parum
1249 2167 1323 2216 adhuc

263 2285 394 2334 numquam
416 2265 548 2330 cupiditate
576 2263 683 2320 moveri,
706 2261 771 2309 nulla
817 2257 849 2306 de
875 2257 914 2306 his
937 2251 1098 2319 quinquevin's
1123 2251 1255 2315 quaesitum
1281 2255 1323 2294 est.

263 2349 348 2398 laetitia
359 2346 454 2404 elisa-rh
468 2357 599 2406 numquam
616 2339 772 2399 timare,'do-
817 2337 906 2384 Praeter
919 2326 1323 2396 es‚qua1ntt.ad1.iv.xxxt‚

264 2424 329 2489 lere)
346 2426 426 2490 qualia
449 2434 476 2471 tu
501 2419 573 2484 (cum
599 2417 702 2482 Stoicis)
726 2429 773 2466 sta·
821 2421 906 2472 sinat
924 2409 1209 2464 adliorat.Serm.11,
1232 2408 1265 2467 5,
1281 2404 1324 2460 55,

266 2501 526 2566 tuis,iuAcademiam
540 2495 774 2558 veteremvencrint,
817 2505 972 2555 congessere,
998 2489 1067 2536 locus
1089 2487 1205 2535 classicus
1228 2495 1266 2532 cst
1283 2483 1322 2530 Di·

267 2601 318 2634 non
331 2582 435 2647 dispicio
447 2603 468 2628 ι.
483 2582 620 2642 [rrumpere
633 2587 714 2623 antem
727 2575 773 2622 sle-
818 2583 888 2634 gestt.
902 2571 920 2618 1.
934 2573 961 2628 1,
982 2579 1002 2616 t.
1024 2583 1055 2626 c,
1071 2582 1092 2614 c.
1111 2559 1142 2623 a,
1159 2563 1229 2612 med.
1249 2563 1323 2624 uQuia

267 2673 350 2728 gauter
364 2663 394 2712 de
407 2677 433 2708 rs
444 2675 539 2724 quaque
557 2655 725 2720 intempestive
737 2654 774 2700 in·
817 2648 1011 2714 magistratibus,
1023 2643 1167 2708 vespertinis
1179 2641 1323 2707 temporibus

267 2742 411 2792 tarcadente.
422 2740 461 2789 Gi.
474 2738 551 2801 Ligar.
562 2737 576 2783 ⁵
583 2771 591 2794 ,
609 2737 649 2783 13.
663 2735 773 2797 Denique
817 2729 845 2778 iu
856 2727 983 2793 publicum
995 2742 1061 2787 esse,
1073 2723 1252 2772 inconveniens
1267 2729 1322 2777 stat,

267 2822 341 2886 vulgo
353 2820 444 2882 ubique
457 2817 542 2866 vitiose
555 2825 611 2879 post
619 2811 698 2862 nescio
711 2824 774 2876 pun·
818 2813 972 2879 quinqueviri
982 2811 1109 2861 constituti
1117 2808 1322 2858 sumsisTiberim

268 2913 309 2950 cto
319 2899 425 2947 maximo
439 2891 611 2957 distinguitur,
623 2907 698 2955 quum
715 2891 771 2937 intt.
819 2905 844 2943 et
856 2893 913 2942 ultis
923 2891 989 2956 (scr.
1004 2891 1062 2955 uls)
1079 2890 1206 2949 Tiberim,
1219 2891 1264 2954 qui
1274 2903 1322 2952 por

269 2979 473 3027 constructionem
495 2989 526 3021 ex
548 2972 653 3030 Graecis,
673 2969 774 3018 Platone
818 2982 872 3018 sent
893 2987 938 3035 pro
962 2969 1141 3033 magistratibus
1162 2968 1233 3031 fungi
1249 2989 1271 3016 ι.
1291 2965 1321 3011 in

268 3057 384 3112 maxime,
398 3055 526 3110 imitatam,
539 3051 582 3099 οὐκ
603 3041 677 3098 cide·
694 3043 774 3106 ἀλλὰ,
818 3051 866 3098 tibi
881 3050 949 3113 quasi
976 3048 1149 3112 magistratum
1168 3059 1322 3100 nocturum,

269 3150 320 3182 non
333 3133 459 3192 viderent,
477 3145 531 3193 quae
544 3131 593 3177 sere
606 3143 700 3192 semper
719 3141 774 3174 cum
819 3129 862 3192 qni
879 3127 959 3176 noctis
979 3137 1088 3190 tempore
1102 3125 1254 3189 reliquorum
1273 3125 1321 3171 loeo

268 3211 403 3260 urbanitate
419 3208 564 3260 nauseantis
573 3219 621 3266 eat,
630 3217 654 3254 et
662 3221 692 3253 eo
703 3220 775 3254 sensu
819 3206 1002 3270 magistratuum
1010 3207 1072 3253 erat!
1081 3207 1125 3263 Iis,
1137 3209 1263 3254 teatedsc.
1271 3203 1322 3252 Psd.

270 3289 374 3347 dicitur,
388 3304 453 3350 quo,
464 3303 533 3336 «non
551 3299 669 3350 queram,
683 3299 734 3330 non
743 3283 775 3330 ri·
818 3303 846 3351 p.
860 3287 894 3348 96
905 3285 945 3332 cd.
954 3284 1011 3334 Ald.
1024 3285 1104 3332 aditus
1119 3285 1170 3332 leta
1180 3282 1321 3332 111111111-

269 3355 776 3430 nabor,ete.»1ttandcapdlciepro-
820 3365 933 3427 gistratua
946 3365 1048 3425 maiorer
1059 3363 1232 3426 capessendos.
1257 3361 1322 3424 liqui·

270 3443 335 3490 aime
358 3443 460 3490 reisrtur
476 3458 482 3491 :
501 3444 543 3491 aed
565 3453 651 3490 auctor
674 3453 776 3503 graecam
821 3442 876 3491 dcm
889 3457 963 3489 unum
978 3441 1053 3490 modo
1066 3441 1156 3489 homan
1173 3441 1237 3488 ultra
1257 3439 1322 3488 'libc-

269 3535 355 3569 rocctu
369 3519 485 3568 ideotam
501 3521 549 3568 alta
567 3520 660 3581 rejecit,
674 3528 703 3567 ut
718 3517 776 3564 lati-
819 3521 865 3569 rim
876 3519 992 3586 proesecti
1002 3511 1108 3584 vigilum
1126 3521 1226 3567 nomine
1248 3519 1322 3574 luisse,

269 3615 326 3648 nam
336 3597 401 3646 illam
409 3633 417 3659 ,
426 3597 592 3658 admirabilia,
604 3615 653 3663 qna
661 3599 724 3646 hanc
735 3611 777 3644 ex·
820 3599 928 3663 ratiqirns
946 3609 962 3656 a
984 3599 1019 3647 cis
1030 3598 1139 3646 Tiberim
1157 3597 1323 3662 inspectiones

271 3677 357 3743 praesit
369 3709 376 3735 ,
389 3676 550 3738 praemitteret.
723 3697 726 3704 ⁴
820 3678 939 3736 habuisse,
948 3679 992 3740 qni
1000 3678 1047 3740 ipsi
1056 3675 1322 3725 euticemrmnonine

309 3757 349 3806 13.
371 3755 420 3802 Bos
441 3752 504 3802 euim
523 3755 595 3818 quari
615 3753 711 3804 eosdem
727 3769 776 3804 esse
820 3757 1006 3820 insignirentur,
1019 3756 1174 3818 argumentis,
1192 3766 1230 3804 sat
1249 3751 1323 3818 pmbit

269 3835 353 3894 vultis.
366 3833 411 3880 1111
423 3831 508 3882 Cicero
523 3831 582 3879 ninii
594 3869 602 3894 ,
615 3834 661 3882 nisi
673 3831 722 3880 lico
739 3831 776 3880 di·
819 3835 913 3900 judico.
931 3835 964 3884 G.

270 3919 318 3976 eie,
338 3926 402 3960 uros
419 3909 578 3959 Academicos
591 3921 652 3960 vett.
666 3923 692 3960 et
711 3911 777 3960 i’eri·
861 3915 900 3962 1⁵.
914 3912 1044 3965 Furium?
1057 3911 1163 3976 darique
1182 3911 1272 3978 scripta
1282 3911 1322 3970 ly·

271 4005 331 4060 patr.
350 3989 447 4042 eosdem
460 3987 567 4038 dicitis».
582 3989 725 4053 Composuit
735 4005 777 4036 au·
823 3991 899 4058 cergi.
914 3992 979 4039 Olim
991 3999 1046 4054 post
1065 3989 1170 4055 denique
1183 3991 1323 4055 inrepente

272 4085 319 4120 sem
333 4067 551 4134 ingeniosissimum
562 4065 648 4114 veteris
665 4065 778 4116 Amdem.
826 4071 910 4132 batur,
920 4070 989 4136 quod
1000 4069 1108 4120 dolandis
1121 4071 1206 4120 Daris.
1214 4065 1321 4120 ssrnosrt
