2724 4690
247 399 494 471 ACADEMIC.
521 401 574 486 ll,
599 399 749 482 LIBER,
774 399 812 482 l,
838 419 890 466 ra.
1042 421 1116 494 r7r

89 527 166 594 ΧΠ.
193 523 284 612 Quae
313 543 429 619 quum
458 519 626 592 dixisset:
649 524 694 590 Et
717 516 875 591 breviter
896 529 1017 606 sane‘,
1035 521 1104 592 mi·
1125 540 1158 603 43

46 635 211 730 uimeque
229 629 387 703 obscure
406 631 567 730 exposita
583 645 657 718 est,
676 634 845 728 inquam,
863 653 884 700 a
899 643 953 718 te,
970 633 1104 720 Varro,

45 759 77 815 et
93 745 223 816 veteris
242 741 431 814 academiae
450 743 560 830 ratio,
580 755 617 812 et
638 740 846 813 stoicorum.
867 743 1003 812 Verum
1027 764 1105 813 esse

43 868 158 926 autem
174 851 363 942 arbitror²,
378 866 420 923 ut
433 851 635 941 Antiocho,
652 865 776 927 nostro
791 848 971 938 familiari,
985 849 1105 949 place-

43 960 114 1050 bat,
129 965 395 1034 correctionem
412 964 542 1034 veteris
559 957 745 1034 academiae
763 963 901 1061 potius,
921 985 1030 1058 quam
1043 961 1104 1032 ali-

44 1095 146 1167 quam
161 1095 296 1143 noram
316 1070 541 1170 disciplinam
558 1070 768 1170 putandam.
781 1076 939 1142 —Tunc
951 1069 1104 1160 Varro³,

43 1185 120 1252 Ture
148 1195 235 1254 sunt
261 1205 362 1253 nunc
385 1197 524 1280 partes,
547 1181 688 1279 iuquit,
712 1181 777 1278 qui
802 1178 848 1251 ab
870 1180 1102 1276 antiquorum

43 1293 176 1364 ratione
196 1315 298 1364 nunc
317 1289 484 1365 desciscis
493 1291 522 1382 4,
546 1307 583 1364 et
605 1315 663 1379 ea,
681 1287 786 1389 quae⁵
803 1288 850 1361 ab
867 1289 1023 1363 Arcesila
1038 1314 1103 1362 no-

45 1523 547 1591 lomcteextcriptoapuddllemtnnum,
592 1525 618 1572 Η
628 1533 653 1572 et
670 1525 702 1582 V,
715 1531 745 1570 ut
761 1538 804 1587 ep.
817 1520 891 1570 ovid.
909 1522 977 1570 uera
988 1531 1014 1570 et
1025 1523 1101 1578 Verri,

42 1601 139 1652 eteditir
147 1603 263 1668 plurrlrm
273 1606 331 1653 Em.
340 1619 386 1652 nec
394 1604 501 1654 alitent.
512 1607 547 1656 V.
591 1602 658 1669 apud
669 1602 732 1650 Pliu.
743 1601 813 1650 Velia
823 1613 848 1650 et
859 1601 943 1659 Helm,
955 1611 1002 1650 etc.
1011 1603 1105 1649 Prono·

42 1681 315 1746 truquemeipnebeut.
323 1682 368 1730 His
376 1694 413 1732 eet
422 1699 468 1747 pro
478 1682 548 1748 «his,
591 1699 647 1731 men
660 1691 740 1731 autem
754 1681 929 1745 prepositum,
945 1680 973 1729 in
986 1681 1029 1728 tali
1043 1695 1104 1728 eou-

42 1775 89 1824 φιτ
101 1759 153 1808 diri
162 1781 185 1808 ι.
205 1757 316 1810 niuem.
331 1760 363 1809 ad
376 1762 497 1826 vulgatam
510 1779 548 1812 re·
593 1771 678 1822 texto,
696 1761 769 1824 plane
786 1770 822 1808 eat
837 1775 869 1808 ex
886 1774 954 1806 more
969 1770 994 1808 et
1009 1757 1103 1808 ordine.

41 1839 114 1902 lupam
128 1850 176 1889 eet.
194 1839 293 1888 Deinde
311 1840 442 1902 exhssreut,
458 1851 548 1907 praeter
591 1844 680 1890 Autem
690 1839 778 1888 deinde
787 1839 860 1886 tertio
869 1837 926 1886 loco
935 1852 998 1902 torpe
1007 1836 1103 1902 legitur,

41 1917 106 1980 aliut,
118 1920 147 1967 E.
160 1921 193 1967 V.
207 1929 234 1968 et
246 1919 334 1970 Drerd.
345 1919 460 1971 constitit.
472 1921 547 1984 Quod
590 1915 667 1969 verbo
689 1917 841 1966 substantivo
857 1933 913 1966 cum
928 1917 954 1964 vi
966 1917 1103 1981 premiaco.

41 1996 120 2061 probat
136 1999 197 2048 Fan.
212 2015 252 2047 me
270 2015 322 2048 non
335 1998 465 2064 probante.
482 2002 547 2048 Nem
591 1999 631 2048 Cf.
646 1997 757 2062 cupra6,
774 2011 823 2046 aa:
839 2017 851 2040 ι
861 1998 896 2044 rt·
912 2005 969 2044 runt
982 2007 1061 2044 autem
1075 2014 1103 2056 ις

41 2087 86 2123 turn
96 2077 190 2136 modo,
207 2078 230 2126 ιί
243 2093 276 2126 ec
288 2077 326 2126 lis
338 2077 456 2142 scriptum
470 2090 546 2140 earet,
590 2079 643 2128 Fin.
661 2081 700 2138 11,
719 2095 745 2140 7,
766 2078 816 2127 31:
836 2099 848 2119 ι
859 2076 885 2125 id
904 2088 940 2126 eet
955 2088 1036 2144 autem
1054 2091 1104 2126 me·

40 2155 231 2216 preteritarum
244 2171 329 2204 verum
339 2167 418 2206 estet:
432 2173 509 2221 quum
520 2157 546 2206 in
589 2157 654 2219 lum,
669 2157 781 2206 etc.-G.

40 2231 208 2295 disjunctum,
223 2251 329 2299 prorem
345 2235 447 2301 perlecti
459 2238 546 2301 mci,
625 2240 650 2285 3.
677 2239 743 2286 tunc
760 2237 847 2286 Varro.
867 2235 972 2284 omrem
987 2234 1029 2284 dat
1045 2237 1102 2284 tum

40 2311 153 2376 anime,
170 2313 247 2374 loco,
265 2324 294 2362 ut
309 2315 418 2379 ubique,
431 2316 545 2380 ponitur.
591 2320 678 2365 Varro.
694 2317 749 2377 ste,
762 2315 857 2379 inquit,
875 2331 922 2379 pro
935 2313 1002 2379 vulg.
1021 2317 1099 2372 anne,

39 2391 147 2442 ttiroetts
159 2395 245 2458 igitur,
256 2396 277 2442 ri
289 2394 352 2443 illud
363 2395 441 2446 malis.
459 2398 492 2446 G.
590 2413 645 2444 cum
655 2397 740 2462 fragm
749 2395 806 2444 cod.
818 2405 843 2442 et
852 2394 936 2443 oxon.
949 2395 978 2442 1²..
992 2394 1101 2442 cor-rexi-

68 2473 125 2521 111.
134 2473 379 2524 chiminum.
386 2475 454 2529 Dicit
462 2476 546 2526 lamb.
589 2490 655 2535 mua;
669 2476 744 2540 idque
752 2474 841 2538 partim
849 2488 880 2521 cx
890 2483 1010 2538 perpetuo
1019 2483 1102 2521 aucto·

40 2549 172 2616 interiptie
191 2551 339 2616 quibudam
356 2565 395 2617 et,
412 2555 481 2619 quod
498 2555 546 2604 mei
589 2554 623 2602 rie
636 2556 662 2602 iu
674 2553 794 2615 ejusmodi
806 2553 929 2602 contexti·
940 2569 999 2612 usu,
1014 2555 1101 2617 partim

39 2631 222 2693 commeent,
230 2630 374 2693 desiderari,
384 2649 463 2698 neque
472 2650 547 2699 agno·
590 2632 656 2699 quod
666 2635 750 2698 prucis
761 2642 826 2697 post,
839 2633 898 2680 Tum
908 2647 970 2697 ego,
980 2649 993 2680 e
1003 2635 1101 2696 regione

38 2707 150 2773 rcitpart.
169 2709 545 2762 P.Manut.1lelevitiliilrem.
588 2714 697 2778 ponitur.
719 2712 812 2762 Scribit
832 2711 895 2759 forte
916 2727 988 2760 cauae
1011 2712 1100 2760 errorle

39 2788 192 2852 Respondent
202 2789 251 2837 ribi
261 2791 306 2842 Et.
317 2825 324 2838 .
335 2807 411 2855 .qrre,·
419 2791 545 2840 laudatur·
588 2793 648 2853 fuir,
662 2791 731 2858 quod
743 2808 809 2840 nunc
820 2791 937 2854 seqnitur.

38 2881 79 2927 quc
90 2884 103 2914 ι
115 2867 210 2933 duplici
224 2879 294 2932 parte
306 2871 425 2919 Varronis
436 2871 544 2936 disputa·
624 2879 649 2928 t.
674 2871 724 2937 Qui
741 2871 774 2918 ab
792 2867 948 2934 antiquorum
969 2880 1017 2918 rat.
1036 2885 1102 2918 nunc

39 2944 76 2994 tio.
94 2947 127 2994 Bt
143 2947 212 3011 apud
229 2947 283 2997 Cic.
304 2949 436 3012 topiarium
457 2961 493 3000 eet
513 2967 545 2999 ex
587 2949 1100 3015 &setemtoeoret.quioonjiett15ntn.

39 3025 187 3087 &poncione
215 3026 352 3074 orationem
373 3028 542 3092 ingredientia.
588 3028 984 3094 qrroniamelegeretenimquam
997 3030 1023 3076 in
1036 3028 1100 3077 libro

39 3101 69 3148 lta
81 3119 151 3168 cupra
164 3120 197 3169 9,
213 3104 265 3153 33:
282 3107 334 3153 «Er
348 3117 414 3154 recte
427 3109 544 3172 quidem,
587 3111 687 3174 scripto.
708 3107 756 3158 Sed
775 3106 837 3156 nilril
854 3123 918 3171 opne
938 3107 1099 3158 correctione.

38 3181 125 3246 iuquit,
139 3183 315 3249 terpander-3
329 3185 361 3234 cl.
376 3189 451 3251 legg.
465 3189 490 3244 1,
513 3190 542 3248 5,
588 3190 638 3252 Qui
655 3188 721 3236 enim
733 3189 789 3236 W.
805 3189 860 3236 DD.
881 3186 906 3235 lr.
923 3187 940 3234 l.
954 3185 1099 3250 oflendunt,

41 3263 152 3324 ¹63ibid.
169 3267 215 3327 13,
228 3267 402 3332 eo,et11,o,
417 3276 459 3325 rt.
471 3268 502 3317 G.
587 3282 639 3316 uon
656 3265 757 3326 vident,
776 3266 807 3314 ad
825 3265 869 3330 qui
885 3281 916 3314 ex
932 3267 990 3314 Ture
1008 3283 1059 3316 ecre
1071 3278 1099 3315 tu

67 3359 90 3394 a.
103 3347 194 3394 Verrem
204 3358 350 3396 erseautem
362 3344 545 3398 arbitror.ldaec
588 3345 781 3411 intelligendum.
795 3348 827 3395 G.
833 3349 981 3394 -Praeterea
995 3347 1063 3394 Goer.
1073 3362 1099 3397 r.

40 3435 145 3490 corrupti
158 3441 223 3486 me,
237 3426 301 3474 vidit
314 3427 371 3476 llrn.
385 3426 428 3491 qui
441 3443 487 3492 pro
499 3431 545 3476 Vc·
589 3436 730 3476 enecante
751 3423 861 3474 descr‘scis
884 3425 975 3474 delevit
997 3443 1028 3474 ex
1048 3442 1099 3474 uno

39 3512 98 3559 nn,
113 3503 178 3550 Earn
193 3502 293 3562 suadet,
306 3505 427 3570 probante
439 3505 543 3555 Weteel.
589 3507 616 3554 Ρ.
632 3506 729 3555 Manet.
743 3505 821 3554 altero
828 3505 912 3555 Darii.
928 3504 985 3554 cod.
1003 3509 1033 3555 In
1046 3507 1101 3571 qui·

38 3577 132 3630 Sedlroo
141 3582 215 3630 nimis
224 3597 313 3648 regum
321 3595 369 3644 eat,
379 3595 404 3634 et
412 3585 455 3632 rix
464 3600 546 3634 exem·
588 3584 692 3634 burdam
704 3585 760 3634 edd.
773 3595 832 3634 vett.
846 3586 944 3634 tertium
957 3601 1023 3632 nunc
1042 3597 1099 3634 ante

37 3655 75 3717 plo
90 3659 153 3720 allo,
175 3677 233 3709 rere
251 3673 330 3726 epto,
348 3663 544 3715 confirmabitur.
584 3665 672 3731 probes
685 3665 792 3724 additur,
808 3664 873 3713 uude
887 3667 991 3714 Goerenr
1005 3665 1099 3730 colligit

38 3735 112 3786 natm
134 3739 238 3798 lorum,
261 3741 296 3790 cic
314 3751 346 3790 ut
369 3743 490 3791 rationem
513 3759 545 3792 ex
587 3755 612 3794 et
626 3746 759 3794 secundum
772 3744 822 3794 hoc
835 3762 891 3793 oum
903 3746 974 3794 tertio
983 3743 1099 3809 glosato-

37 3819 146 3874 proximi·
164 3819 273 3882 cogitet,
294 3819 363 3884 quod
382 3821 452 3870 facile
471 3820 500 3868 lit
516 3823 544 3870 iu
586 3823 620 3872 rie
642 3839 701 3872 erte.
715 3850 752 3860 -
770 3823 855 3888 Anu'q.
870 3826 985 3873 Veterum
1003 3823 1097 3871 Acade·

38 3901 79 3941 tam
88 3898 202 3961 expedito
214 3909 341 3950 contextu.
357 3903 415 3950 lice
428 3912 542 3950 conati-u·
586 3902 705 3951 micorum
718 3913 742 3952 et
753 3903 1067 3968 PeripateticorumTuea.

38 3973 80 4020 etio
93 3976 234 4041 impeditior
247 3977 339 4026 noribae
352 3978 384 4028 ad
399 3980 541 4029 mutandum
622 3981 646 4031 5.
660 3983 693 4030 Et
703 3997 746 4042 ea,
756 3999 819 4048 quoe.
831 3984 931 4047 Ignorat
945 3984 1007 4030 Veu.
1020 3987 1095 4042 ¹49⁴,

38 4065 161 4110 minure
183 4057 277 4122 potuit.
302 4057 352 4107 Sed
373 4070 542 4123 permutantur
585 4077 629 4120 ea,
642 4061 712 4127 quod
725 4078 788 4129 rape
801 4063 832 4111 ad
844 4063 911 4112 relat
926 4079 939 4110 a
952 4059 1038 4110 acribia
1050 4059 1096 4106 arl-

37 4129 100 4180 fflam
114 4133 171 4184 alibi
188 4136 216 4184 in
233 4135 333 4202 scriptia
347 4137 423 4186 literar
436 4138 541 4188 initiales
585 4141 658 4190 ditur.
672 4143 703 4192 G.

419 4251 426 4294 l
