2764 4688
246 395 288 418 w·
294 397 337 420 nn
341 393 1263 436 mmmmmmmwpmmmmmwumwsmmmm
1267 403 1306 423 m

517 600 926 710 EXCURSUS
958 601 1042 707 ΙΙΙ

460 838 497 884 tt
508 853 534 884 er
545 837 665 886 Ciceronis
678 837 765 892 rerba,
781 837 853 884 dead.
872 837 907 894 ΙΙ,
923 837 963 884 lib.
983 837 1009 894 1,
1025 835 1100 900 836:

251 1021 350 1075 Cetera
361 1031 461 1075 antem
474 1020 532 1074 etsi
545 1037 596 1074 nec
610 1017 699 1086 bona,
713 1021 974 1088 memmerunt,
986 1029 1081 1074 tamen
1091 1019 1151 1074 at'a
1161 1021 1305 1076 mundum

286 1131 419 1174 naturam
433 1116 562 1188 dicebat,
572 1119 634 1174 atta
643 1130 762 1174 natarat
776 1135 837 1174 esre
851 1117 1004 1174 coenaria.
1019 1119 1061 1173 Iis
1075 1117 1217 1192 prisone
1231 1119 1307 1174 ueter-

279 1215 361 1284 jecta
372 1226 401 1270 et
411 1215 508 1270 media
514 1214 685 1270 numerabat
689 1235 701 1284 ,-
708 1234 776 1290 qnoe
785 1226 884 1270 autem
892 1216 1050 1271 secundum
1062 1226 1200 1272 naturam
1211 1227 1305 1282 essent,

284 1333 320 1368 ea
330 1315 485 1383 sumenda,
500 1325 528 1368 et
541 1314 669 1390 quadam
680 1313 872 1369 ‹estimatione
882 1313 1033 1387 dignanda
1043 1313 1180 1382 docebat,
1196 1326 1308 1370 contra·

288 1429 342 1485 que
359 1411 506 1466 contraria
522 1429 531 1464 :
549 1421 647 1466 neutra
665 1421 763 1464 autem
783 1407 813 1464 in
830 1409 932 1464 mediis
950 1409 1150 1484 relinquebat:
1169 1411 1200 1466 in
1215 1411 1307 1486 quibus

284 1507 413 1584 ponebat
425 1507 503 1562 attii
516 1509 635 1564 omniuo
648 1525 711 1562 esse
723 1489 867 1562 momenti.
887 1507 948 1564 Sed
964 1526 1031 1581 qnoe
1048 1519 1144 1563 essent
1156 1507 1304 1574 sumenda,

287 1624 325 1660 ex
338 1605 375 1660 its
386 1604 449 1658 alia
458 1605 555 1678 pluris
568 1622 629 1660 esse
640 1603 832 1670 aestimando,
849 1603 911 1660 alia
926 1603 1052 1660 minoris.
1069 1605 1143 1676 Quoe
1150 1605 1261 1680 plurib,
1275 1621 1306 1658 ea

281 1701 445 1776 praeposita
459 1698 631 1775 appellabat
636 1720 648 1770 ,·
670 1700 778 1771 rejecta
791 1712 907 1768 nutem,
929 1719 996 1775 quoe
1010 1699 1141 1756 minoris.

638 1896 927 1930 ψ·-

293 2073 387 2136 Viam
400 2071 603 2161 ingredimur
614 2087 647 2136 et
657 2072 838 2159 spinosam,
851 2087 884 2136 et
894 2069 1062 2167 lubricam.
1077 2073 1219 2138 Dumete
1228 2070 1306 2136 eninr

250 2178 434 2242 Stoicorum
459 2193 537 2240 sunt
561 2175 750 2258 subeunda,
774 2199 833 2264 per
857 2199 930 2264 quoe
954 2175 1004 2241 vei
1022 2201 1105 2242 nova
1125 2195 1175 2242 est
1191 2178 1306 2242 exscin-

250 2282 357 2348 denda
373 2283 506 2362 semita,
525 2283 575 2346 vei
595 2281 792 2346 Ariadneum
812 2280 943 2371 aliquod
966 2281 1056 2348 filum
1072 2282 1306 2360 adhibendum,

250 2409 292 2452 ne
309 2389 472 2452 incassum
491 2409 587 2451 erres.
611 2388 673 2450 Vix
695 2403 804 2452 autem
823 2389 907 2453 nilus
930 2387 1025 2452 datur
1040 2389 1154 2453 Stoicae
1170 2391 1306 2478 pbiloso-

248 2493 333 2582 pbiae
349 2493 460 2575 locus,
479 2493 536 2580 qui
558 2493 658 2580 magis
683 2492 857 2580 impeditus
873 2494 934 2574 sit,
957 2493 1085 2576 nulius,
1102 2495 1136 2558 in
1153 2518 1222 2581 quo
1241 2515 1307 2558 sen·

250 2600 357 2664 tentiae
379 2615 527 2664 veterum
545 2599 646 2687 magis
663 2595 841 2680 fluctuent,
860 2619 958 2686 quem
979 2601 1036 2687 qui
1054 2616 1101 2664 est
1124 2599 1165 2664 de
1188 2597 1306 2664 officio.

248 2705 313 2770 ista
328 2703 461 2793 quidem
476 2703 667 2792 ambiguitas
679 2719 717 2766 ut
728 2725 746 2766 e
757 2725 792 2766 re
803 2704 872 2791 ipsa
884 2704 1055 2788 enascitur,
1066 2707 1200 2769 Zenone
1212 2703 1307 2768 medin

249 2809 355 2874 officia
370 2811 403 2874 in
420 2809 516 2874 rebus
532 2807 794 2872 indifferentibus
809 2809 1033 2897 relinquente:
1048 2811 1091 2874 ita
1105 2812 1207 2898 magis
1220 2811 1306 2874 etiam

248 2933 387 3004 augetur
420 2915 675 2980 adversariorum
710 2914 973 2998 objectionibus,
1005 2915 1125 3002 quibus
1159 2913 1306 2980 evitandis

248 3023 347 3098 Stoici
364 3021 502 3086 subinde
518 3021 609 3086 istius
626 3037 784 3109 praecepta
796 3019 846 3084 vel
859 3021 948 3085 aliter
963 3019 1159 3104 affecerunt,
1175 3024 1227 3086 vel
1241 3043 1306 3084 mu·

248 3143 376 3209 terunt3
395 3151 467 3215 quae
483 3125 601 3191 deinde
617 3125 658 3190 ab
676 3125 863 3190 auctoribus
881 3125 1059 3209 veteribus,
1076 3125 1164 3192 unde
1182 3129 1250 3216 ipsa
1263 3125 1306 3190 di·

249 3234 385 3314 scimus,
403 3233 470 3296 fere
485 3233 621 3304 confusa
636 3247 816 3319 ponuntur.
834 3230 933 3320 AEgre
950 3233 1037 3296 enim
1055 3255 1158 3321 quum
1178 3233 1242 3298 hoc
1259 3253 1305 3295 ca·

250 3355 312 3425 put
340 3337 580 3422 defenderetur,
607 3359 740 3420 omnes,
762 3353 800 3400 ut
821 3337 953 3420 assolet,
981 3339 1039 3403 vire
1066 3355 1196 3404 tentate
1219 3353 1305 3416 sunt,

251 3442 371 3530 quibus
391 3441 424 3505 id
439 3445 538 3534 magis
556 3442 761 3508 firmaretur:
782 3443 904 3530 quique
929 3444 1112 3510 Stoicorum
1137 3443 1177 3511 de
1199 3467 1238 3509 eo
1255 3443 1305 3507 de·

250 3547 436 3636 sperabant,
455 3549 478 3611 ii
493 3549 544 3612 vel
559 3549 686 3630 omnia,
707 3564 823 3636 preater
843 3550 996 3614 virtutem
1022 3566 1055 3614 et
1074 3551 1209 3633 vitium,
1226 3547 1305 3638 peria

250 3655 374 3734 iecere,
391 3669 429 3716 ut
443 3656 566 3738 Aristo,
582 3656 631 3718 vei
653 3655 687 3717 in
710 3655 771 3720 hac
791 3655 860 3744 ipsa
876 3677 911 3718 re
929 3658 1063 3746 propius
1084 3680 1118 3720 se
1133 3656 1175 3721 ad
1190 3653 1304 3722 Acade·

250 3761 348 3824 miam
370 3777 511 3825 veterem
530 3761 748 3850 applicarunt,
769 3779 807 3826 ut
821 3761 991 3826 Panaetius.
1016 3764 1063 3827 Cf.
1087 3764 1157 3828 Fin.
1177 3763 1233 3844 IV,
1251 3761 1303 3838 28,

250 3865 311 3952 78,
329 3887 380 3952 79·

293 3973 361 4036 Nos
380 3968 512 4059 quidem
534 3971 599 4051 jam
619 3996 655 4036 ea
676 3973 903 4061 decerpamus,
927 3996 999 4061 quae
1016 3973 1057 4038 ad
1073 3975 1200 4056 iocum,
1221 3969 1303 4052 cujus

248 4099 344 4141 causa
354 4078 422 4142 haec
433 4075 582 4142 addimus
592 4125 601 4160 ,
611 4078 756 4164 proxime
768 4079 949 4167 pertinent:
963 4080 1004 4144 ab
1014 4103 1049 4145 ea
1060 4095 1150 4168 purte
1163 4078 1302 4154 maxime,
