2762 4656
243 397 311 470 268
494 441 497 450 ·
584 409 632 477 M.
661 413 697 480 Τ.
726 409 972 482 CICERONIS

240 525 365 610 utitur,
387 528 532 626 explere
561 555 758 620 numeros,
779 545 816 604 et
838 529 1017 602 conficere
1044 531 1189 602 versus?
1210 532 1306 628 quod

240 632 337 706 idem
360 635 398 706 iu
422 637 601 712 similibus
624 665 774 740 quoque
793 639 932 713 artibus
950 639 1137 736 continget
1147 635 1201 728 ³⁵3
1220 663 1305 736 qua·

239 769 323 816 rum
340 769 450 818 omne
470 771 565 847 opus
585 765 639 822 est
661 754 699 822 in
724 751 891 824 faciendo
910 764 1019 848 atque
1042 749 1196 846 agendo.
1214 750 1306 842 Quid

240 857 338 928 enim
358 871 429 946 est,
455 860 557 956 quod
579 877 656 934 arte
684 861 777 934 effici
801 863 936 962 possit,
954 863 1025 933 nisi
1045 861 1094 950 is,
1115 862 1180 958 qui
1199 875 1306 933 artem

240 967 424 1056 tractabit,
442 971 558 1043 multa
575 973 800 1073 perceperit?

187 1085 221 1138 ²³
286 1084 379 1152 Vlll.
404 1083 561 1154 Maxime
586 1109 673 1157 vero
693 1087 870 1158 virtutum
895 1083 1074 1182 cognitio¹
1102 1080 1307 1168 confirmat,

238 1193 377 1294 percipi
396 1205 433 1263 et
451 1194 714 1292 comprehendi
736 1195 851 1268 multa
868 1217 988 1296 posse.
1011 1197 1054 1264 ln
1075 1192 1212 1292 quibus
1231 1193 1308 1264 solis

238 1305 355 1375 inesse
373 1307 481 1374 etiam
500 1306 685 1378 scientiam
706 1305 878 1396 dicimus3
899 1299 1098 1402 quamnod
1115 1327 1194 1374 non
1213 1325 1306 1372 com·

238 1413 546 1517 prehensionem²
567 1417 680 1489 modo
701 1443 843 1505 rerum,
861 1415 925 1490 sed
943 1441 1023 1488 cam
1041 1412 1210 1486 stabilem
1226 1437 1310 1511 quo-

240 1549 312 1624 qne
337 1539 448 1623 atque
466 1527 729 1601 immutabilem
750 1553 827 1616 esse
846 1550 1058 1614 censemus;
1078 1528 1242 1623 itemque
1258 1547 1308 1594 sa·

240 1699 379 1756 facultatem
388 1707 465 1756 solun
473 1707 600 1758 referende
609 1705 753 1760 hoceenen:
797 1709 893 1768 eddidit
913 1717 1000 1758 auctor
1017 1704 1136 1772 :percipi
1156 1715 1184 1754 et
1203 1718 1309 1767 eompre-

243 1786 399 1848 ·Qnomodo
414 1785 450 1847 is,
472 1789 514 1853 qui
532 1805 663 1838 nervorum
680 1801 756 1838 centu
796 1789 873 1838 hendi
885 1789 961 1837 multa
975 1803 1083 1853 possen.
1094 1787 1126 1834 G.

238 1865 316 1913 utitur
324 1876 436 1915 accurate
445 1867 477 1914 ed
484 1883 600 1917 numeros
611 1885 696 1918 cenete
705 1886 757 1918 cer·
834 1885 858 1918 u.
875 1866 1148 1933 Comprehensionem..
1160 1900 1166 1912 .
1178 1899 1186 1912 .
1205 1859 1310 1912 stabilem

238 1945 312 1992 minis
326 1945 414 2004 simul,
430 1946 498 2010 quod
512 1949 591 2008 osuit,
604 1951 698 1998 tatione
711 1951 756 1998 bu-
797 1965 893 2014 quoqne
912 1959 988 2013 atque
1005 1945 1190 1996 immutabilem.
1213 1943 1310 1991 Garum

239 2023 289 2072 bita
296 2060 304 2085 ,
312 2023 421 2088 singulos
433 2027 485 2086 ejus
498 2043 581 2076 versus
590 2031 697 2078 numeris
707 2031 756 2079 illis
798 2029 840 2077 det
855 2049 865 2070 ι
875 2027 986 2076 stehilem
998 2039 1023 2076 et
1034 2027 1129 2074 immut.
1142 2046 1154 2068 ι
1166 2025 1258 2073 Omnes
1268 2021 1310 2069 mei

239 2113 305 2151 recte
325 2114 350 2151 et
369 2119 400 2151 ex
422 2117 473 2153 arte
493 2107 663 2157 accommodet
672 2132 694 2157 n.
714 2108 755 2158 Ad
797 2108 922 2172 quinque,
932 2106 1026 2170 inquit,
1039 2117 1063 2154 et
1079 2105 1191 2153 referunt
1202 2116 1210 2151 :
1220 2113 1248 2172 ¹et
1258 2101 1318 2166 quo‘

241 2181 303 2232 fides
315 2193 397 2232 entem
411 2185 571 2250 semperviva
586 2189 695 2236 canentis
707 2203 756 2238 vox
797 2202 845 2251 que
854 2186 954 2250 insuper
963 2186 1077 2251 ignorent
1087 2200 1118 2232 ex
1126 2181 1166 2230 his
1178 2181 1246 2230 Gud.
1257 2181 1312 2246 frug.

241 2261 299 2310 olim
311 2261 485 2326 applicabatur.
493 2267 526 2312 G.
798 2265 854 2316 cod.
875 2267 956 2316 Wrat.
978 2265 1109 2330 pluresque
1130 2261 1188 2312 edd.
1211 2271 1270 2310 vett.
1288 2261 1311 2306 in

277 2342 320 2390 35.
337 2341 470 2406 Continget.
487 2343 547 2391 Tres
564 2344 611 2392 mei
627 2343 755 2410 contingit.
797 2343 887 2408 quibus
899 2355 935 2394 est
942 2344 1009 2394 Veo.
1024 2353 1101 2406 1494.
1114 2345 1173 2392 Post
1182 2359 1235 2390 non
1246 2339 1312 2388 modo

241 2420 290 2470 Sed
303 2421 348 2468 lut.
362 2431 427 2469 recte
440 2438 466 2469 se
478 2419 567 2479 habet,
580 2439 644 2487 saepe
656 2441 669 2471 u
681 2423 757 2472 libra·
798 2435 879 2472 eutem
889 2440 987 2489 quoque
996 2423 1035 2471 vel
1044 2423 1118 2471 etiam
1129 2439 1143 2470 a
1155 2421 1244 2469 scribis
1251 2417 1311 2474 eddi,

241 2500 284 2548 riis
295 2509 422 2549 tentatum.
437 2501 475 2551 Cf.
490 2502 608 2568 Heusing.
622 2503 653 2551 ad
663 2505 715 2554 Oli.
728 2505 756 2566 1,
798 2505 887 2568 sapius
896 2504 946 2566 jam
961 2503 1075 2553 vidimus.
1093 2502 1153 2552 Vid.
1168 2517 1243 2566 supra
1257 2499 1270 2565 §
1284 2497 1312 2556 6;

242 2591 284 2643 tr,
299 2597 324 2644 9.
342 2582 398 2628 Hoc
411 2581 468 2630 loco
481 2583 586 2631 menime
602 2583 756 2632 Platonicum
798 2583 840 2630 cll.
853 2584 972 2648 Heusing.
989 2583 1021 2631 sd
1031 2583 1091 2630 *Oli
1106 2585 1132 2640 Ι,
1146 2583 1194 2646 39,
1210 2582 1236 2629 3.
1248 2575 1311 2627 adde

232 2671 291 2720 est,
310 2659 340 2708 ub
360 2659 406 2708 bac
427 2659 506 2726 ellipsi
527 2661 637 2728 pendens
656 2663 698 2713 usi
715 2679 757 2712 eas
798 2663 1015 2723 Timae.3‚·inre
1024 2661 1138 2712 stabiliet
1147 2657 1311 2709 immutabili».

240 2739 478 2804 singulasvideriss.
492 2743 523 2789 G.
798 2769 835 2780 ·-
858 2741 939 2792 Intell.
967 2765 981 2786 ι
996 2758 1049 2791 non
1074 2738 1311 2806 comprehensionem

275 2822 345 2869 Vlll.
360 2835 385 2868 1.
402 2820 522 2868 Virtutum
535 2818 649 2886 cognitio.
661 2821 756 2888 Cogni·
799 2823 954 2887 simpliciter,
974 2821 1018 2872 sed
1039 2821 1167 2885 compreh.
1191 2817 1311 2878 stabilem,

240 2901 273 2950 tio
284 2913 320 2950 est
329 2901 354 2951 h.
365 2901 383 2950 l.
394 2897 540 2966 κατάληψις,
549 2917 579 2949 eo
589 2917 674 2961 seusu,
683 2919 756 2966 quem
799 2912 846 2952 etc.
861 2925 873 2944 ν
887 2903 964 2950 Recte
972 2913 1054 2950 autem
1066 2901 1183 2958 viderunt
1193 2899 1249 2944 VV.
1261 2897 1311 2943 ΙΙΙ).

240 2981 328 3046 vulgus
338 2979 492 3030 collectivum
505 2981 573 3031 dicit.
587 2981 626 3030 cf.
639 2984 693 3030 Fin.
706 2983 758 3042 ΙΙΙ,
800 2998 851 3030 esse
868 2981 932 3029 hanc
953 2982 1059 3030 Zenonis
1075 2979 1254 3028 definitionem.
1273 2975 1311 3026 Cl.

243 3063 272 3123 5,
285 3075 328 3123 17,
343 3083 354 3104 ι
366 3077 446 3110 rernm
458 3061 624 3125 cognitiones.
636 3097 660 3110 ..
679 3078 758 3110 neru-
800 3061 913 3111 Stohaeus
926 3060 988 3111 Ecll.
1002 3061 1130 3122 eth.171:
1145 3049 1205 3107 ιῖναι
1218 3055 1258 3110 tio
1268 3053 1312 3103 ist·

242 3137 320 3205 λήψεις
338 3141 487 3206 appellemus
505 3142 561 3189 licet
572 3163 597 3189 ι.
618 3139 759 3190 Adhibetur
800 3137 876 3208 citent
895 3136 1027 3204 κατάληψιν
1046 3137 1159 3205 ἀσφαλῆ,
1173 3133 1216 3186 καὶ
1230 3129 1312 3202 ipsei-

242 3232 322 3268 autem
335 3221 387 3270 haec
401 3237 452 3268 vox
468 3219 556 3285 (quod
569 3221 595 3269 h.
608 3219 626 3268 l.
640 3221 706 3268 haud
720 3221 758 3267 in·
799 3235 904 3271 πτωτον.
925 3219 1011 3269 Paullo
1029 3219 1099 3267 aliter
1113 3217 1224 3266 eamdem
1237 3213 1311 3263 laudet

244 3303 387 3363 tempestive
400 3300 562 3363 monemus),
577 3316 607 3346 ex
619 3301 671 3361 ejus
681 3299 759 3363 ipsius
802 3301 870 3350 Sext.
888 3301 959 3364 Emp.
972 3301 1037 3356 VII,
1058 3299 1107 3347 150
1120 3313 1127 3346 t
1147 3292 1261 3362 inte-item
1274 3288 1310 3358 μὴ

246 3390 331 3428 netum
344 3379 437 3436 sic,ut
450 3377 696 3442 comprehendentem
708 3376 758 3438 rel,
803 3365 925 3434 elestede
953 3377 1050 3441 ἀσφαλῆ
1071 3372 1114 3427 καὶ
1137 3373 1256 3439 hahnius,
1275 3367 1310 3420 sui

246 3459 277 3507 de
286 3473 334 3522 qna
347 3457 446 3513 dicitur,
457 3468 482 3505 et
494 3456 721 3532 contemplativam,
732 3468 760 3506 ut
804 3457 947 3528 ἀμετάθετον
965 3455 1011 3508 ὑπὸ
1030 3455 1102 3524 λόγου
1120 3447 1260 3520 κατάληψιν.
1277 3449 1310 3500 Cf·

249 3547 350 3591 vocant,
363 3534 475 3582 notitiam
488 3535 599 3586 indicet:
613 3537 760 3584 undeetiam
803 3540 873 3588 Suid.
895 3557 920 3586 r.
943 3534 1056 3605 imqupm
1083 3537 1167 3586 Altera
1191 3531 1311 3586 delinitio,

249 3615 761 3678 totiescumcontemplationejnngitnr.At
803 3635 877 3684 qnam
890 3619 975 3667 Daris.
991 3609 1085 3682 profert
1099 3634 1130 3666 ex
1148 3616 1223 3678 Diog.
1240 3615 1310 3660 tem.

243 3693 378 3760 perceptio,
391 3708 444 3756 quae
457 3703 493 3740 est
506 3694 654 3758 singularum
668 3713 760 3758 rerum,
804 3701 866 3758 Vll,
878 3709 920 3762 47,
930 3715 982 3746 non
994 3698 1098 3747 Zenonis
1109 3708 1159 3754 est,
1169 3695 1212 3743 sed
1222 3687 1309 3744 Herilli,

247 3777 291 3840 'per
300 3790 325 3821 se
334 3783 510 3838 spectatarum,
520 3775 572 3822 sive
580 3785 700 3832 notarum,
710 3777 761 3823 sive
804 3778 860 3826 vide
874 3777 956 3827 eumd.
973 3779 1046 3842 Diog.
1062 3776 1124 3825 ibid.
1139 3775 1154 3842 §
1169 3773 1228 3823 165.
1243 3773 1311 3818 Recte

247 3854 392 3908 notionum,
419 3863 532 3899 securata
557 3855 659 3914 notitia,
684 3871 760 3918 eaque
805 3855 904 3920 quidem
924 3857 1032 3920 interpp.
1057 3865 1174 3916 mouent,
1197 3859 1310 3912 acceptent

211 3959 213 3964 .
247 3930 761 3996 unonotionumquasigyrocompreltensa,
805 3952 856 3984 esse
865 3935 932 3984 illam
944 3934 1049 3984 Zenonis
1060 3934 1248 3982 delinitionema
1261 3925 1310 3975 reli·

247 4013 411 4075 coguitionem
428 4009 513 4074 gignit.
528 4009 588 4058 lude
603 4012 675 4060 toties
690 4035 701 4056 ι
715 4029 759 4061 co·
804 4015 860 4078 quis
874 4015 925 4064 lere
942 4014 1056 4062 omnibus
1073 4011 1246 4079 philosophis:
1261 4019 1309 4052 mm

248 4106 362 4154 gnoscere
382 4101 408 4138 et
431 4091 575 4154 percipere,
600 4093 713 4154 cognitus
735 4103 761 4140 et
804 4093 843 4140 vel
856 4095 924 4144 Sext.
943 4096 1014 4158 Emp.
1028 4093 1115 4158 Pyrrh.
1129 4095 1170 4154 ΙΙ,
1187 4097 1309 4146 umam

247 4181 399 4234 perceptus·
423 4170 527 4231 junctim
549 4181 683 4234 ponuntur.
713 4170 760 4218 llic
804 4172 987 4236 quodammodo
1004 4171 1132 4229 adsciscit,
1150 4185 1223 4235 quum
1236 4165 1310 4213 scieu-
