2770 4688
228 336 277 420 aa
351 371 353 384 ·
596 331 927 404 mraoooeuo.

229 455 354 536 ficiem,
372 467 409 518 nt
433 473 505 542 quae
523 451 696 520 incurrunt
714 468 745 518 ει
768 475 829 518 nos
854 463 1011 540 tangunt,
1038 449 1131 514 facile
1157 449 1305 514 sentiam-
1368 429 1369 442 ¹

231 577 296 626 tur.
313 559 523 646 Reliquamm
545 560 707 648 partium,
723 555 821 624 altera
841 555 961 636 dicitur
975 577 1095 637 samen,
1115 577 1188 644 quar
1204 556 1304 619 etiarn

230 683 281 732 est
291 666 430 756 Spiritus
442 667 628 755 pertingens
644 665 684 730 ab
700 663 923 756 llegemonico
935 660 977 727 ad
993 677 1179 751 parastatae.
1194 661 1306 724 Altera

231 795 326 854 vcro,
343 793 415 860 quse
431 794 451 836 a
466 773 597 836 Zenone
618 771 795 853 Phocaea,
819 769 853 834 id
872 785 941 852 est,
963 767 1105 848 vocalis,
1125 766 1212 832 diota
1231 782 1304 844 est,

230 901 330 967 quam
349 893 382 942 ct
400 877 546 958 atam,
559 875 595 940 id
612 892 678 960 est,
700 897 836 960 vocem,
853 876 984 957 dicunt,
1005 889 1054 939 εει
1070 873 1208 965 Spiritus
1227 895 1306 960 per-

232 983 361 1074 tingens
386 984 427 1048 ab
454 982 678 1074 Hegemonico
700 1005 805 1072 usque
831 981 872 1046 ad
898 995 1013 1071 guttur
1041 993 1074 1043 et
1099 979 1244 1066 linguam
1274 992 1308 1040 et

231 1087 476 1156 accommodata
484 1089 711 1155 instrumenta.
720 1120 733 1146 ι
745 1091 853 1178 Atque
864 1085 1043 1176 principem
1057 1083 1189 1174 quidem
1202 1083 1307 1147 animi

232 1211 376 1284 partem,
385 1193 629 1283 Hegemonicon
641 1211 673 1260 et
680 1195 857 1286 Logismon
865 1191 1000 1274 dictam,
1012 1191 1145 1281 proprio
1152 1189 1306 1271 nornine,

231 1300 320 1391 apud
336 1299 480 1384 Stoicos,
497 1298 806 1392 stomin,indigitari
824 1299 951 1364 solitam
967 1298 1114 1364 Stobaeus
1131 1297 1241 1360 refert.
1258 1295 1308 1359 Si·

231 1405 362 1494 gnificat
384 1421 496 1470 antem
520 1406 657 1472 verbum
674 1405 709 1471 id
736 1404 1015 1488 Gubernatrr'rcm,
1032 1403 1115 1484 sive,
1136 1401 1306 1466 Guberna-

229 1513 362 1595 tionam,
371 1511 434 1576 nisi
448 1529 640 1602 corruptum
650 1513 706 1596 sit,
720 1512 894 1602 potiusque
902 1517 1032 1582 διάνοιαν,
1046 1507 1158 1591 idest,
1170 1520 1307 1571 mentem

231 1639 291 1682 seu
312 1620 559 1706 cogitationem,
578 1618 684 1707 legere
707 1630 865 1706 oporteat.
889 1614 1005 1680 Sedem
1030 1629 1191 1678 autemst
1213 1614 1305 1700 quasi

231 1721 350 1788 solium
367 1725 450 1814 parti
467 1724 565 1808 huic,
582 1741 621 1790 ut
638 1723 725 1790 idern
746 1723 938 1788 Plutarchus
951 1719 999 1810 (ι)
1018 1721 1148 1803 scribit,
1173 1721 1208 1784 in
1232 1735 1306 1784 toto

233 1829 354 1912 oorde,
376 1847 434 1896 aut
450 1832 485 1896 in
502 1832 634 1921 spiritu,
652 1831 709 1920 qui
725 1831 809 1896 circa
826 1844 961 1913 corest,
976 1826 1205 1917 assignabant:
1220 1825 1305 1908 sire,

231 1951 271 2000 ut
283 1936 353 2025 ipse
372 1936 426 2002 hic
442 1936 660 2027 Philosophus
676 1937 739 2002 alio
753 1937 787 2002 in
803 1931 888 2002 lihro
906 1935 957 2025 (a)
971 1933 1153 2025 significare
1165 1931 1306 2014 videtur,

232 2040 267 2104 in
281 2041 383 2128 ipsius
398 2040 506 2106 cordis
519 2041 629 2106 medio
643 2058 758 2107 centro
770 2057 803 2107 et
818 2057 944 2130 puncto
963 2039 1129 2130 quodam,
1145 2063 1162 2103 a
1179 2061 1248 2127 quo
1265 2037 1307 2102 ad

232 2167 390 2211 sensuum
404 2146 638 2229 instrumenta,
656 2148 758 2212 veluti
775 2169 815 2212 ex
828 2147 916 2213 orbis
936 2140 1071 2228 alicujus
1091 2145 1197 2210 media
1215 2160 1307 2233 parte

232 2251 275 2318 ad
286 2269 459 2336 extremas,
471 2255 563 2342 quasi
574 2253 672 2338 radii,
691 2254 864 2322 ducantur.
877 2258 986 2345 Atque
999 2255 1040 2321 de
1051 2256 1114 2320 hac
1124 2251 1257 2343 quidem
1271 2276 1306 2318 re

232 2357 320 2448 apud
338 2359 498 2424 Galenum
513 2359 561 2450 (3)
574 2409 583 2443 ,
599 2360 745 2426 Platonis
757 2377 790 2428 et
807 2363 1030 2452 Hippocratis,
1047 2361 1153 2450 quiin
1171 2359 1306 2424 cerebro

233 2482 378 2530 mentem
406 2466 624 2548 collocarunt,
656 2466 808 2557 dogmata
835 2467 1106 2550 confirmantem,
1129 2487 1248 2556 magna
1270 2487 1306 2529 ac

233 2570 308 2660 plus
334 2571 410 2636 satis
430 2573 531 2662 longo
547 2595 697 2638 sermone
717 2565 833 2664 agitata
851 2572 1052 2663 disputatio,
1079 2575 1146 2639 sive
1162 2573 1305 2661 jurgium

232 2691 291 2741 cst.
324 2677 394 2742 Nos
419 2693 528 2742 antem
559 2677 601 2742 ad
629 2677 835 2743 Academiam
868 2677 1070 2744 lestiisamns.
1097 2679 1197 2743 Aiunt
1227 2699 1305 2766 ergo

232 2781 332 2848 Stoici
354 2780 418 2870 (4),
445 2783 488 2846 ita
515 2783 614 2846 animi
636 2784 816 2874 principem
840 2801 984 2874 partem,
1005 2801 1083 2850 nato
1113 2783 1222 2849 statim
1244 2785 1306 2849 ho·

232 2887 336 2970 mine,
358 2887 478 2952 habere
493 2888 595 2952 veluti
611 2890 846 2955 membranam·
857 2892 1024 2980 scripturae
1042 2905 1185 2982 paratam
1208 2905 1307 2978 atque

232 3009 471 3082 opportunam,
489 2993 605 3082 inqua
622 2994 757 3082 singulae
774 3007 877 3079 ἔννοιαι,
901 2995 936 3060 id
952 3014 1015 3078 εει,
1035 2997 1176 3080 notitiae,
1194 2995 1307 3060 inscri-

231 3099 361 3164 bantur.
377 3099 505 3164 P1imus
519 3122 598 3165 vero
611 3101 830 3166 annotationis
848 3103 914 3168 sive
928 3103 1148 3194 inscriptionis
1165 3099 1304 3185 modus,

233 3227 389 3271 sensuum
406 3231 520 3297 opere,
537 3205 584 3272 lit.
595 3217 711 3276 Αἴσιησιν
726 3227 853 3294 autem,
871 3209 906 3275 id
922 3228 990 3290 est,
1003 3233 1146 3293 seruum,
1160 3210 1207 3274 sic
1225 3208 1305 3274 defi·

234 3312 331 3376 niunt
349 3310 416 3399 (5):
434 3342 447 3368 α
458 3314 578 3378 Sensus
591 3331 640 3380 εει
650 3309 797 3380 sensorio
809 3318 891 3381 facta
907 3317 1122 3407 apprehensio
1136 3316 1203 3380 sive
1217 3337 1305 3380 com·

234 3416 408 3506 prehensio
421 3449 444 3482 υ.
473 3418 625 3508 Namque
639 3429 791 3501 κατελεψις,
807 3419 842 3485 id
857 3438 923 3506 est,
937 3423 1166 3514 comprehensio
1184 3421 1247 3511 (ut
1260 3435 1306 3486 est

269 3732 308 3800 (1)
326 3731 437 3798 Deplac.
450 3731 542 3783 Philus.
553 3734 600 3785 lib.
614 3737 659 3796 tv,
677 3752 731 3802 cap.
743 3735 773 3796 t,
788 3753 845 3804 pag.
861 3741 928 3804 899,
945 3756 967 3790 a.

270 3820 309 3888 (a)
325 3822 364 3870 1)ε
380 3821 554 3871 communibus
570 3822 672 3874 Notitiis
684 3825 801 3875 adversus
814 3829 920 3879 Stoicos.

272 3907 311 3977 (3)
329 3911 366 3957 De
375 3909 442 3974 plac.
453 3911 618 3976 Ilippocrlet
630 3911 690 3961 Plat.
704 3913 749 3964 lib.
759 3917 784 3963 11
796 3927 820 3964 et
830 3918 875 3965 ΠΙ.

265 3999 305 4065 (t)
320 3997 442 4047 Plutarch.
452 3999 483 4048 de
493 3999 557 4065 plac.
568 3999 663 4053 Philos.
676 4001 721 4052 lib.
735 4005 781 4064 tv,
793 4021 846 4072 rap.
861 4021 901 4066 ιι,
918 4019 974 4069 pag.
990 4019 1055 4066 900,
1069 4003 1093 4051 b.

267 4085 303 4152 (5)
322 4087 384 4136 lbid.
397 4085 455 4154 cap.
473 4089 502 4152 8,
521 4105 577 4154 pag.
596 4089 661 4152 899,
679 4105 701 4138 c.
