2748 4670
249 359 319 430 280
587 369 634 434 Μ.
660 369 697 434 r.
728 334 974 436 mannonis

248 479 360 578 que¹³
381 483 698 556 innumerabilium
721 485 936 574 multitudo,
967 497 1101 554 tumet
1123 489 1319 582 perceptio.

248 617 374 664 eorum
393 596 557 666 omnium
576 612 745 694 apparet3
763 611 799 668 et
815 593 938 668 eadem
955 596 1063 680 ratio,
1078 593 1242 692 perlecta
1260 595 1318 664 his

196 707 227 760 ³¹
248 702 436 797 gradibus,
456 704 500 776 ad
517 706 726 803 sapientiam
744 707 906 806 pervenit
918 707 961 774 ¹⁴.
985 704 1041 776 Ad
1059 729 1180 775 rerum
1199 706 1317 801 igitur

247 817 451 902 scientiam,
479 817 632 913 vitaeque
659 819 896 890 constantiam
923 816 1104 913 aptissima
1130 838 1249 911 quum
1272 816 1318 884 sit

246 945 349 994 mens
372 921 546 1014 hominis,
572 926 800 1025 amplectitur
817 929 969 998 maxime
992 926 1260 1022 cognitionem
1279 937 1317 994 et

247 1027 350 1098 istam
368 1032 560 1124 καταληψιν,
576 1058 707 1130 quam,
724 1049 767 1106 ut
786 1032 879 1120 dixi,
900 1029 1051 1104 verbum
1073 1055 1093 1102 e
1112 1029 1231 1100 verbo
1249 1055 1315 1100 ex-

245 1140 463 1234 primentes,
482 1143 846 1240 comprehensionem
863 1139 1043 1227 dicemus,
1062 1164 1177 1236 quum
1193 1140 1314 1237 ipsam

245 1272 309 1345 per
330 1249 415 1345 se¹⁵
434 1267 529 1324 amat
550 1254 663 1350 (nihil
681 1268 734 1326 est
752 1249 891 1326 enim¹⁶
910 1255 943 1324 ei
960 1252 1118 1322 veritatis
1134 1248 1215 1320 luce
1235 1249 1315 1320 dul·

244 1360 360 1457 cius),
387 1375 466 1434 tum
494 1367 600 1436 etiam
623 1379 773 1463 propter
792 1389 911 1438 usum·
934 1367 1112 1454 Quocirca
1136 1374 1172 1432 et
1193 1366 1314 1432 seusi-

244 1467 314 1540 bus
342 1474 474 1563 utitur,
501 1489 536 1548 et
563 1492 657 1548 artes
681 1475 813 1564 efficit,
836 1476 938 1571 quasi
956 1496 1081 1545 sensus
1099 1471 1254 1558 alteros,
1278 1485 1314 1540 et

244 1604 360 1676 usqne
381 1608 426 1654 eo
449 1583 715 1684 philosophiam
742 1587 856 1685 ipsam
879 1582 1109 1670 corroborat,
1129 1595 1171 1652 ut
1195 1583 1313 1652 virtu·

244 1704 317 1761 tem
347 1689 479 1766 efficiat
493 1707 537 1785 ¹⁷,
566 1722 610 1768 ex
638 1721 710 1794 qua
737 1722 777 1769 re
804 1721 877 1768 una
904 1697 976 1766 vita
1004 1695 1120 1765 omnis
1144 1706 1233 1791 apta
1255 1695 1311 1762 sit.

244 1892 299 1954 Qus
307 1893 450 1958 explicative
460 1911 507 1960 pro
520 1895 548 1952 td
558 1907 594 1946 est
606 1897 715 1962 ponitur,
725 1908 754 1946 nt
795 1895 1035 1960 iessMrataocem
1041 1892 1113 1957 plane
1121 1895 1227 1956 minorat.
1237 1890 1315 1953 Quod

243 1973 338 2034 saepius.
351 1973 382 2022 G.
795 1991 827 2023 ne
834 1975 940 2040 probes,
949 1973 1085 2022 meminisse
1101 1981 1215 2034 oportet,
1231 1985 1312 2017 amare

283 2050 323 2096 13.
336 2051 595 2116 nmmqmtemm,
608 2055 626 2102 i.
638 2069 663 2116 q.
674 2052 753 2102 notio·
794 2053 936 2102 Ciceronem
948 2052 1014 2100 banc'
1029 2051 1098 2114 qnasi
1117 2049 1311 2104 abundantiam,

244 2143 302 2175 nram
313 2127 410 2178 dicitnr.
422 2131 454 2178 G.
794 2143 838 2190 nt,
857 2154 870 2175 ι
879 2131 931 2197 ipse
943 2147 987 2195 per
998 2145 1039 2187 ae,
1052 2131 1106 2193 ipse
1124 2143 1166 2175 sna
1182 2137 1276 2193 sponte
1287 2147 1313 2184 ·,

283 2214 323 2266 14.
346 2207 434 2266 ilatio,
447 2207 620 2273 perseam...
633 2209 753 2274 peruenit.
794 2211 835 2259 vel
846 2211 998 2258 vermeriam
1009 2209 1138 2256 verborum
1151 2206 1257 2266 ordine,
1272 2205 1310 2252 (li-

243 2284 303 2334 Non
320 2285 372 2334 sine
389 2303 475 2350 magna
493 2288 664 2352 probabilitate
683 2289 754 2338 liceat
796 2299 843 2338 cat.
857 2290 888 2338 G.

244 2362 292 2410 boe
303 2363 359 2412 loco
364 2363 480 2429 profecta
491 2365 548 2432 legi.
559 2368 625 2417 Nota
635 2370 698 2416 enim
713 2368 754 2416 illa
834 2369 876 2418 16.
903 2365 974 2416 Nihil
992 2376 1030 2414 est
1052 2364 1181 2411 enim...
1206 2362 1310 2410 duleairs.

243 2444 338 2492 auctori
352 2445 519 2509 perfamiliaris
532 2447 682 2495 constructio
700 2459 755 2508 eet,
796 2447 988 2512 Pseeautplnres
998 2441 1160 2494 conch-nillil
1168 2442 1235 2489 enim
1247 2451 1311 2500 aab,

244 2523 287 2569 «si
299 2523 423 2587 profectus
437 2540 452 2571 a
466 2523 579 2583 Thalete,
589 2525 621 2574 ad
632 2527 755 2574 Socratem
796 2521 1151 2591 mauspouendo‚etdilncidt'as
1160 2519 1309 2587 produleins

243 2603 352 2661 veneris,
366 2613 436 2652 ete.»
453 2603 569 2664 Accedit,
588 2605 656 2668 qnod
669 2629 681 2648 ι
690 2606 753 2654 ratio
795 2605 931 2655 scribendo.
939 2603 1102 2653 Ollendernnt
1108 2617 1196 2666 nempe
1204 2601 1310 2658 librarii,

242 2682 476 2744 perlecta»,nonad
484 2684 625 2748 sapientiam
633 2685 754 2748 pervenit,
796 2682 863 2747 quod
883 2683 928 2730 lux
951 2681 1046 2730 dicatur
1068 2676 1155 2727 dulcia.
1177 2677 1255 2727 Haud
1277 2679 1309 2724 ita

241 2760 285 2808 sed
305 2783 316 2804 ιι
330 2761 381 2826 ipsa
401 2764 518 2828 sapientie
539 2775 575 2813 est
589 2785 611 2811 n.
627 2769 710 2829 Atque
731 2766 753 2813 si
795 2761 872 2811 multo
889 2769 946 2826 post
967 2759 1023 2808 ideo
1041 2759 1092 2808 cte.
1111 2778 1125 2798 ι
1138 2767 1219 2814 artes,
1238 2755 1307 2820 qnasi

243 2838 354 2901 dubites,
370 2857 401 2890 an
418 2841 564 2908 «prolieiaei
581 2860 625 2908 per
642 2844 752 2908 paclus-
793 2842 1000 2898 sensusalterosn,
1008 2837 1127 2904 appellat,
1137 2835 1207 2900 quod
1216 2845 1311 2884 utrum«

242 2917 292 2967 rlici
309 2921 401 2985 possit,
421 2923 522 2986 ponitur
538 2933 611 2988 tropo
625 2925 697 2971 etiarn
712 2939 752 2972 re·
793 2937 841 2987 qne
850 2928 1089 2978 sensumexaennnt,
1101 2917 1170 2964 etsie
1180 2914 1312 2970 excolunt,

241 2999 344 3048 metiore
352 3001 403 3049 Flu.
412 3003 450 3060 11,
460 3011 505 3063 rt,
516 3005 564 3059 ⁴5:
575 3003 752 3067 -utproleetna
792 3011 821 3048 ut
829 3000 896 3049 velut
904 2999 966 3048 aliut
974 3013 1025 3046 οῦκ
1034 2995 1153 3043 videm·-
1166 2995 1199 3042 ⁰·

241 3093 255 3123 a
274 3079 372 3128 caritate
393 3080 593 3130 domesticorum.
604 3117 611 3128 .
622 3116 647 3131 ..
672 3093 751 3145 serpat
831 3096 871 3141 η.
888 3081 919 3125 Ut
927 3077 1041 3125 vienttertt
1055 3071 1161 3140 efficiat,
1173 3088 1208 3119 ‘x
1218 3087 1271 3135 quo
1282 3087 1308 3118 rt

241 3157 401 3222 longiaenllt
409 3175 465 3209 sane
474 3161 562 3208 retinet
567 3161 619 3210 brec
628 3161 752 3220 conjectu·
793 3174 844 3207 nna
856 3157 911 3206 vita
922 3155 1002 3204 omnis
1010 3165 1070 3219 apta
1083 3152 1122 3202 sit.
1135 3151 1223 3200 Priora
1232 3151 1305 3198 verba

241 3251 268 3283 ra
279 3237 473 3301 probabilitatem
485 3255 564 3300 suarm
574 3239 650 3304 idque
661 3241 751 3304 magis,
793 3238 877 3302 graecis
898 3234 1062 3300 respondent,
1085 3231 1133 3290 ὅς*
1155 3229 1197 3284 fl*
1220 3227 1306 3297 &par-lv

241 3329 317 3377 quern
328 3318 455 3380 projeetus
470 3330 496 3366 et
504 3319 628 3384 perfectus
640 3333 654 3366 a
667 3318 752 3367 scribis
793 3312 964 3386 ἅξιῃσΖισθαι.
987 3317 1024 3364 De
1046 3311 1123 3361 verbo
1142 3310 1238 3378 efficen
1256 3309 1306 3356 vid·

240 3395 380 3458 frequenter·
396 3398 593 3450 confundantur:
612 3399 654 3447 setl
667 3414 751 3447 neees-
792 3397 850 3444 Ern.
862 3396 929 3446 Clav.
941 3394 966 3442 h.
980 3410 1007 3444 r.
1018 3396 1048 3440 ln
1058 3391 1096 3440 hia
1106 3405 1180 3450 vero,
1192 3403 1249 3452 <1⁰²
1262 3387 1304 3434 'd'

242 3473 312 3522 sitate
338 3475 405 3523 nulla
429 3479 570 3530 sustinetur.
593 3478 661 3527 Stare
687 3479 751 3526 enirn
793 3473 893 3535 duntur,
906 3473 972 3524 band
985 3483 1050 3520 recte
1064 3472 1123 3518 Em.
1135 3477 1160 3516 et
1169 3467 1267 3526 Wetsel
1281 3480 1306 3510 re

237 3551 349 3618 perfecta
366 3565 431 3604 recte
448 3566 542 3620 potest,
559 3559 644 3606 sinon
660 3557 750 3618 adject.
793 3553 922 3612 omme,
943 3552 1033 3600 mlum
1051 3545 1305 3610 mil¹⁸¹¹¹·l³“’¹’“‘²'t

241 3629 284 3678 sed
295 3633 448 3697 participium
459 3637 587 3700 cogitetur,
599 3635 644 3686 bae
655 3646 751 3685 muten-
792 3633 837 3697 qui
848 3632 914 3680 idem
930 3631 1008 3692 ejecit.
1024 3631 1070 3677 Res
1082 3638 1164 3674 numm
1177 3625 1230 3674 cte.
1242 3637 1306 3685 sepe

240 3707 288 3767 tia,
301 3731 314 3751 α
323 3711 344 3758 si
353 3715 414 3760 ratio
422 3730 448 3761 se
458 3713 497 3762 his
509 3714 623 3778 gradibus
636 3715 751 3778 per-lecit,
792 3713 827 3760 sic
840 3711 1001 3762 abundanter.
1015 3708 1069 3756 Fin.
1083 3707 1122 3766 ll,
1142 3713 1157 3761 4
1167 3737 1174 3762 ,
1196 3698 1244 3760 13;
1265 3699 1304 3748 cll·

240 3803 272 3834 eo
284 3789 341 3838 loco
354 3803 406 3852 eet,
418 3808 469 3858 quo
482 3794 628 3858 sapientia..
642 3794 705 3842 Sic·
718 3795 750 3843 eal
792 3791 866 3853 hug·
879 3791 930 3851 111,
940 3795 973 3846 l,
989 3803 1030 3836 ¹¹·
1045 3788 1112 3849 ΛΡΜ
1128 3781 1234 3843 ‘imin‘
1255 3792 1305 3826 ⁰⁰¹²

240 3882 360 3916 mmmurn
369 3870 487 3918 bonorem
494 3872 749 3935 pervenire-dieitur.
792 3867 842 3930 adj·
865 3878 917 3931 eet,
934 3866 978 3914 setl
994 3861 1159 3931 participium.
1178 3859 1252 3908 Tnsc.
1272 3859 1304 3914 V,

240 3946 341 4010 virgula
353 3949 427 4012 igitur
440 3951 618 4014 anteperfecta
636 3950 749 4000 dissinn-
795 3963 844 4007 rs,
861 3948 916 3996 36:
935 3967 947 3990 ι
960 3945 1001 3994 cni
1015 3959 1046 3992 ex
1064 3957 1090 3990 ae
1107 3941 1162 4006 ipso
1175 3949 1232 4004 apta
1245 3945 1302 3986 sunt

238 4039 302 4090 gnua,
319 4025 351 4073 ὓ,
793 4025 940 4089 unumst.
954 4041 975 4072 e.
982 4020 1100 4089 pendent.
1111 4021 1164 4068 Fal.
1181 4017 1229 4076 15,
1250 4017 1301 4074 3⁴3

276 4099 317 4166 ιβ.
330 4107 412 4170 Ipsam
421 4119 469 4168 per
481 4120 514 4153 se.
533 4103 598 4152 Gud.
610 4104 680 4170 ipsa,
694 4105 745 4155 Erl.
798 4121 890 4154 -eausa
900 4121 929 4155 ex
943 4102 1038 4154 eternis
1047 4099 1125 4148 cauda
1137 4105 1193 4160 apta
1203 4115 1227 4145 ·.
1237 4093 1303 4142 Alibi
