2770 4688
416 401 742 472 INTRODUCllO.
1070 425 1107 471 rr

71 525 150 589 lomt
164 523 329 603 excitatur,
345 542 420 604 neo,
442 539 556 611 praeter
574 523 711 607 Quintil.
732 521 855 587 mentio
874 521 1025 602 injicitur.
1049 523 1113 588 Sed

71 651 104 692 er
118 626 262 708 lucullo,
290 627 400 693 Catuli
421 629 498 692 olim
524 631 657 713 comite,
680 629 808 694 excitari
830 628 894 692 hoc
918 629 995 692 satis
1019 651 1114 718 grute
1205 649 1213 666 ⁰

63 749 279 824 legumentum
301 733 393 816 licet,
419 755 485 822 quo
504 735 553 798 vel
578 737 649 802 solo
676 752 742 800 tota
772 756 904 823 quoque
932 735 985 798 illu
1013 736 1113 800 trium

67 841 210 904 librorum
222 840 314 927 quasi
327 839 540 928 collapsurum
552 841 741 906 instauratio
752 841 787 904 in
799 856 901 905 semet
910 841 979 928 ipsu
989 840 1114 906 recidit.

67 945 175 1032 Sepius
191 947 276 1010 enim
299 945 335 1009 in
354 946 489 1009 Lucullo
506 944 547 1011 ad
564 945 748 1034 pridianum
772 947 911 1034 aliquem
930 967 1113 1010 sermonem

67 1049 188 1115 lectores
200 1051 427 1132 remittuntur3
441 1049 476 1112 in
493 1071 561 1138 quo
576 1052 724 1133 Catulus,
746 1061 762 1128 ς
781 1055 839 1132 14,
860 1067 893 1114 et
909 1051 1113 1132 Hortensius,

67 1155 140 1234 528
161 1170 193 1218 et
217 1177 276 1241 79,
304 1153 469 1220 derebus
497 1154 692 1242 quibusdam
721 1156 901 1220 accuratius
926 1153 1115 1219 disseruisse

68 1256 217 1341 dicumm,
231 1260 290 1348 qui
307 1260 343 1324 in
362 1259 432 1348 ipso
450 1274 641 1347 punem-9015
660 1271 800 1342 προσώποις
817 1259 1007 1326 accensendi
1026 1275 1113 1324 sunt.

68 1361 322 1429 Narranturitem
333 1365 367 1428 in
378 1363 493 1429 eodem
510 1367 644 1430 uberim
662 1367 819 1454 exposita,
835 1389 909 1454 quae
925 1366 960 1428 in
979 1365 1115 1429 Lucullo

68 1467 155 1532 verbo
163 1468 262 1534 modo
272 1485 453 1559 tanguntur
463 1471 517 1534 vir
529 1471 590 1535 hao
600 1474 635 1534 in
649 1471 804 1536 brevitate
817 1471 878 1534 rite
889 1470 1113 1559 intelligenda:

68 1570 230 1662 dequibus
253 1575 295 1642 ad
317 1577 407 1640 huuc
429 1577 537 1665 ipsum
560 1577 679 1642 librum
702 1578 871 1666 separatim
895 1577 1112 1665 prolabimur.

67 1677 154 1743 lucus
177 1679 320 1768 denique
345 1680 447 1745 hubiti
473 1683 632 1746 sermonis
654 1681 742 1762 ejus,
768 1697 802 1744 et
825 1703 936 1756 sceno,
964 1679 1114 1744 distinete

68 1799 187 1849 nonme.
195 1786 275 1850 Haec
280 1785 392 1865 juncta
401 1786 428 1849 si
438 1787 512 1873 quis
522 1786 559 1850 in
570 1785 791 1874 merisdialogi
803 1795 914 1866 σχήμασι
927 1784 1114 1872 quaerenda,

68 1901 94 1949 et
105 1891 297 1956 exornationi
313 1891 431 1979 magis,
449 1911 547 1978 quam
560 1913 638 1954 tero
650 1889 857 1954 inservientia
873 1887 1005 1971 dixerit,
1024 1891 1115 1978 cogi·

67 2005 147 2056 uum
165 1993 216 2060 ille
232 2017 313 2060 sane
330 1995 478 2060 Ciceroni
497 1993 653 2074 injuriam
668 1995 830 2075 attulerit,
852 2015 956 2082 quum
978 2017 1029 2058 ros
1045 1995 1114 2083 ima

68 2119 113 2162 sua
126 2115 236 2188 sponte
254 2101 367 2169 nescio
383 2101 465 2190 quid
478 2101 639 2166 absonum
653 2123 718 2188 proe
736 2123 774 2164 se
786 2102 877 2164 ierat.
894 2100 965 2182 Sic,
980 2101 1113 2165 Lucullo

66 2200 294 2294 riumaliquem
303 2205 513 2270 librumolim
523 2206 623 2270 luisse
630 2204 937 2287 addituru‚ctedere
947 2207 1111 2296 cogimur:

67 2306 139 2374 lune
154 2329 260 2378 autem
287 2312 408 2376 librum
432 2335 499 2400 quo
524 2312 632 2378 minus
660 2311 809 2376 Catulum
831 2327 1000 2399 putemus,
1024 2315 1112 2377 nullo

67 2435 177 2500 prorsus
196 2419 280 2487 tutio
298 2417 451 2506 impedit;
475 2418 652 2506 gravissimi
668 2419 778 2508 potius
798 2433 914 2500 testes,
933 2418 967 2481 in
990 2419 1111 2506 quilius

66 2524 237 2612 auctorique
251 2539 322 2604 est,
332 2524 459 2603 jubam„

100 2627 196 2716 litque
206 2631 250 2694 ita
261 2651 399 2717 quoque
413 2629 487 2709 ista,
500 2629 671 2692 Lucullum
683 2628 718 2691 in
730 2644 794 2692 tres
804 2627 1111 2692 librosdissolreudi

67 2730 131 2794 utin
144 2733 210 2820 ipsa
225 2733 426 2799 dissolvitur.
441 2731 473 2796 si
489 2733 575 2796 enim
593 2731 677 2796 binis
694 2731 782 2794 libris
799 2731 907 2818 priora
923 2731 975 2794 illa
986 2731 1111 2795 Acade·

68 2833 132 2900 uict
148 2837 523 2928 comprehendebantur,
542 2860 614 2926 qute
636 2836 767 2902 tandem
790 2857 884 2901 carisa
902 2821 1110 2925 'oogiubituq

67 2943 1112 3032 mrsolutalteradhaecpotterioratranslatusputeturlDisplicuit

67 3045 147 3130 prior.
153 3049 244 3114 ,Num
256 3051 357 3115 etium
366 3071 417 3112 res
425 3049 459 3112 in
470 3071 511 3113 eo
520 3047 715 3136 propositae?
724 3048 843 3134 quihus
851 3049 953 3112 rebus
960 3051 1111 3114 consulto

67 3156 266 3234 monuistis
278 3156 396 3220 Cicero
408 3155 611 3220 obscuritatis
625 3155 752 3244 culpam
764 3155 799 3216 iu
814 3176 884 3218 sese
900 3155 1110 3237 cumulasset,

67 3275 124 3339 que
144 3281 230 3325 nuuc
252 3259 409 3348 temporis
432 3258 561 3324 iuvidite
585 3258 775 3346 imputanda
802 3275 868 3341 est,
895 3279 978 3346 qua,
1002 3259 1112 3346 priore

67 3357 347 3455 theodepertum
374 3381 425 3430 tot
449 3364 636 3453 posterioris
663 3363 746 3428 locis
770 3363 937 3428 sulauaoto
959 3365 1016 3428 lux
1043 3382 1111 3448 est,

66 3467 141 3547 otius
162 3489 276 3562 egent,
305 3489 340 3536 et
369 3472 404 3536 iu
430 3495 494 3560 qua
519 3493 610 3536 nunc
632 3469 853 3559 undequaque
878 3470 1110 3560 comportanda

65 3567 226 3663 innurem
248 3601 351 3668 opera
375 3577 466 3643 houd
488 3599 606 3666 parum
630 3593 806 3643 exercetur.
830 3576 927 3642 Adde.
942 3577 1109 3662 Nonium,

66 3696 145 3760 quem
159 3698 297 3770 quatuor
310 3683 401 3748 lttn‘ae
415 3685 630 3772 posteriorum
646 3681 768 3749 Acadd
784 3704 880 3748 usum
896 3705 983 3765 etse,
999 3686 1111 3774 negari

66 3783 201 3866 probabili
221 3791 351 3854 ratione
373 3791 496 3878 nequit.
522 3792 567 3855 At
585 3789 641 3854 hio
663 3813 703 3854 ex
726 3803 838 3879 quarto
863 3789 1016 3854 undecim
1038 3789 1110 3855 loca

66 3890 183 3974 profert,
200 3895 256 3982 qui
276 3893 391 3960 itidem
411 3897 444 3960 in
465 3897 618 3979 Lucullo,
640 3895 766 3984 qualem
789 3917 879 3960 nunc
898 3895 1072 3978 habemus,
1090 3917 1110 3958 a

64 3991 124 4079 §67
138 3997 211 4076 ads
235 3999 298 4088 137
320 4021 425 4089 usque
443 4003 560 4092 pastun
579 4002 741 4092 leguntur.
764 4001 851 4091 Ergo
871 4019 1004 4090 quartus
1027 4001 1109 4064 liber

66 4116 120 4162 ton
137 4113 190 4178 as
213 4127 275 4170 rra
304 4106 447 4194 incipere
467 4108 590 4196 potuit,
611 4107 668 4174 sed
691 4123 778 4173 certe
798 4117 850 4184 as
871 4107 914 4195 67
936 4103 1109 4194 ponendus
