2786 4674
268 343 338 416 612
492 393 494 402 ,
604 349 651 416 M.
678 350 716 416 T.
748 351 989 421 CICERONIS

266 467 635 526 nantur:minorarcrotut
643 467 749 545 majora
757 459 1332 548 partimdisoernere',pa’rtimrontrabrm
1380 543 1381 552 χ

219 591 223 608 ι
267 561 359 618 visum
373 559 610 628 dicimus,instar
623 577 723 617 cortun
737 579 800 636 qua:
810 555 955 618 caliditate
969 563 1013 619 vel
1028 561 1183 640 frigiditate
1199 585 1331 634 carnem,
1380 567 1381 580 ¹

266 665 426 711 aureorum
439 671 504 730 quae
517 650 689 721 acrimonia,
700 652 746 709 vel
758 651 903 724 acumine,
923 653 1102 713 caliditateve
1117 655 1243 732 linguam
1256 677 1333 714 eon-

267 745 384 802 trahunt
396 741 442 802 vel
456 739 623 801 discernunt
631 741 642 798 ε’
655 755 742 820 atque
759 763 808 815 ea,
827 759 894 821 qua:
914 745 1008 802 visum
1029 745 1070 802 sic
1090 745 1238 815 afficiunt,
1260 747 1331 806 alba
1380 753 1381 794 ἲ

265 837 383 914 nigrare
398 853 550 893 vocamus:
564 852 629 911 quae
642 833 760 911 quidem
773 834 921 913 passiones
936 855 1037 894 eorum
1051 851 1134 911 sunt,
1154 859 1219 916 quae
1237 841 1331 896 modo
1380 913 1381 918 ἵ

263 926 431 998 narrabam,
456 939 485 985 et
497 926 612 984 illorum
626 925 742 1003 quidem
761 928 1073 1006 germana⁸eademque
1089 931 1309 1007 quodammodo
1321 976 1330 1006 ‚

263 1021 314 1081 sed
326 1023 355 1079 in
367 1039 472 1100 genere
482 1018 549 1086 alio,
562 1017 676 1076 diversa
687 1031 781 1077 umen
793 1032 914 1098 propter
925 1019 978 1078 has
990 1041 1091 1080 causas
1103 1041 1165 1080 esse
1176 1023 1329 1080 ridentur:

264 1114 305 1172 sio
326 1110 618 1191 utique'appellaada
641 1109 706 1170 sunt
725 1111 800 1174 ista:
823 1111 1014 1189 quodvisum
1033 1112 1193 1194 disgregat,
1207 1115 1328 1187 album:

264 1207 378 1283 nigrum
389 1223 475 1276 vero,
486 1201 565 1281 quod
578 1215 748 1280 congregat:
763 1203 917 1262 motionem
930 1205 1064 1284 profecto
1078 1208 1235 1265 acutiorem
1248 1211 1328 1266 alte-

263 1301 381 1376 riusque
402 1296 514 1375 generis
534 1295 620 1371 ignis,
639 1293 812 1353 incidentem
834 1294 1105 1376 dispergentemque
1120 1297 1213 1356 visum
1232 1319 1330 1377 nsque
1380 1313 1381 1338 ³

264 1392 300 1450 ad
314 1392 426 1462 oculos,
446 1388 589 1465 orbesque
602 1387 680 1464 ipsos
693 1387 844 1446 oculorum
860 1401 1027 1467 meatusque
1048 1391 1076 1447 vi
1091 1389 1327 1450 diverberantem

263 1483 567 1562 liquefacientemque,
584 1479 678 1557 ignem
698 1499 759 1537 esse
781 1479 903 1538 dicimus
924 1501 959 1539 ex
983 1483 1119 1561 opposito
1141 1482 1328 1552 obviantem,

263 1578 345 1655 cujus
358 1593 481 1633 occursu
496 1573 639 1648 lacryma,
663 1589 768 1648 corpus
781 1591 817 1630 ex
832 1573 891 1650 igni
906 1587 936 1631 et
950 1593 1026 1650 aqua
1040 1574 1178 1647 mixtum,
1199 1577 1327 1636 effundi-

264 1683 330 1728 tur:
347 1680 376 1726 et
389 1686 448 1725 uno
463 1665 579 1744 quidem
596 1664 660 1742 igue
675 1665 755 1722 velut
773 1684 789 1722 e
807 1665 1007 1723 coruscatione
1021 1665 1146 1743 quadam
1158 1667 1327 1740 exsiliente,

264 1761 355 1819 altero
366 1776 438 1818 vero
451 1769 621 1836 penetrante
639 1767 668 1813 et
683 1753 719 1813 ab
734 1753 856 1814 humore
869 1757 1028 1824 exstineto,
1051 1757 1125 1816 varii
1139 1773 1276 1819 creantur
1288 1783 1326 1820 ex

264 1851 430 1930 hujusmodi
443 1849 582 1909 mixtione
596 1847 708 1906 colores
717 1845 821 1924 :atque
836 1847 927 1926 ipsam
944 1849 1106 1928 passionem
1123 1851 1265 1928 fulgorem
1280 1874 1328 1911 co

265 1945 515 2020 rrtscationemque
530 1958 680 2010 vocamus:
700 1937 815 2016 quodve
828 1938 858 1996 id
873 1939 958 2011 lacit,
976 1942 1160 2018 splendidum
1171 1957 1259 2022 atque
1273 1966 1327 2003 oo-

264 2057 379 2096 ruscum
392 2059 399 2093 :
412 2036 519 2095 horum
539 2031 664 2092 medium
680 2030 752 2108 ignia
768 2051 856 2108 genus
871 2030 908 2089 ad
923 2033 1075 2092 oculorum
1093 2034 1243 2094 humorem
1259 2059 1325 2116 per·

264 2130 395 2200 veniens,
409 2129 508 2206 illique
522 2146 551 2185 se
563 2125 695 2194 miscens,
709 2123 824 2180 minime
837 2119 955 2200 quidem
970 2141 1136 2198 coruscum,
1147 2127 1199 2185 sed
1213 2148 1250 2186 ex
1261 2130 1325 2207 ipsa

263 2223 340 2299 igmei
350 2221 423 2280 radii
435 2221 472 2280 ad
483 2221 633 2280 humorem
648 2217 840 2287 admixtione,
858 2217 1044 2295 sanguineum
1057 2233 1173 2278 creante
1180 2221 1325 2294 colorem,

263 2313 387 2373 rubeum
399 2313 595 2372 nominamus:
610 2307 788 2388 splendidum
803 2306 957 2386 albumque
970 2308 1063 2368 rubeo
1080 2311 1201 2370 mixtum
1218 2311 1323 2372 flatum

264 2418 422 2487 procreat:
443 2425 502 2484 quo
515 2418 610 2466 autem
623 2421 763 2460 mensurae
780 2399 866 2458 modo
881 2401 990 2478 singula
1005 2401 1124 2480 singulis
1140 2405 1323 2479 misceantur,
1380 2481 1381 2484 Ἴ

263 2497 373 2557 etiamsi
388 2497 452 2575 quis
464 2497 594 2568 noverit,
607 2511 724 2552 narrare
734 2490 884 2570 prudentis
897 2505 1009 2578 non-est
1023 2514 1030 2549 :
1054 2497 1214 2583 prasertim
1234 2517 1323 2575 quum

264 2611 358 2670 neque
369 2591 573 2661 necessariam,
589 2605 682 2664 neque
694 2585 875 2643 verisimilem
885 2583 921 2642 de
933 2584 978 2642 bis
992 2586 1134 2644 rationem
1147 2588 1252 2647 allerre
1263 2593 1323 2650 ullo

264 2683 351 2742 modo
373 2684 480 2762 possit:
495 2680 617 2740 rubeum
640 2696 706 2737 uum
727 2677 795 2736 albo
819 2677 960 2755 nigroque
981 2697 1163 2756 purpureum
1185 2697 1322 2758 generat:

263 2777 361 2854 paullo
373 2775 524 2834 obscurior
539 2791 652 2832 moreus
664 2771 844 2846 luteciaeque
860 2769 890 2826 fir
904 2769 994 2841 color,
1009 2769 1128 2848 quando
1142 2771 1186 2831 his
1199 2774 1321 2833 invicem

263 2868 393 2927 conflatis
405 2867 570 2944 adustisque
581 2864 669 2942 magis
681 2876 724 2922 est
735 2861 869 2935 adjuncta
882 2860 1018 2938 nigredo:
1034 2864 1146 2922 fulvum
1159 2865 1224 2925 flavi
1236 2867 1323 2926 lrtsci·

263 2979 320 3036 que
336 2961 543 3038 temperatione
561 2957 750 3037 producitur:
769 2956 879 3013 trucum
900 2973 970 3012 vero
991 2953 1101 3015 albior
1120 2957 1196 3034 nigri
1221 2962 1323 3018 conlu-

263 3054 364 3111 sione:
384 3053 525 3130 pallorem
542 3050 600 3109 albi
621 3049 742 3126 flavique
762 3045 867 3125 copula
889 3059 1027 3125 generat:
1049 3048 1236 3126 splendidum
1255 3053 1322 3110 albo

262 3143 427 3220 adjunctum
441 3143 623 3222 plurimaque
634 3141 759 3198 offusum
771 3138 919 3216 nigredine
929 3141 1082 3198 caeruleum
1098 3143 1203 3200 ellicit:
1228 3165 1321 3203 oem-

261 3235 336 3292 leum
351 3253 417 3292 cum
430 3232 497 3292 albo
513 3235 645 3312 glaucum
659 3247 752 3292 creat:
768 3230 840 3318 l'ulvi
852 3230 984 3309 nigrique
1001 3231 1146 3311 temperie
1155 3236 1239 3294 color
1251 3238 1322 3296 viri—

212 3317 215 3328 '
261 3324 305 3383 dis
321 3327 448 3384 nascitur
466 3349 472 3382 :
496 3340 591 3385 cetera
605 3325 694 3382 lemae
713 3345 749 3382 ex
770 3323 816 3382 bis
834 3323 938 3382 omnia
951 3325 1100 3384 manifesta
1118 3327 1205 3385 liunt:
1219 3329 1243 3387 si
1257 3332 1321 3406 quis

261 3417 336 3474 enim
355 3417 517 3496 superiores
539 3417 691 3476 mixtiones
706 3417 831 3475 imitatus
857 3417 982 3494 reliquos
1006 3419 1120 3478 colores
1143 3423 1322 3500 exsequitur,

261 3507 460 3586 probabilibus
471 3509 632 3568 rationibus
647 3507 822 3588 disputabit:
835 3508 901 3567 atsi
915 3509 980 3587 quis
994 3509 1100 3568 horum
1113 3511 1321 3573 discussionem

261 3600 517 3679 probationemque
533 3623 621 3680 opere
640 3602 703 3680 ipso
721 3602 913 3680 aggredietur,
925 3601 996 3680 quid
1010 3603 1085 3662 inter
1103 3605 1260 3666 humanam
1275 3607 1321 3666 di-

260 3696 413 3770 vinamque
422 3707 553 3753 naturam
565 3695 687 3768 intersit,
700 3695 833 3772 ignorare
847 3692 1007 3765 vldebitur:
1020 3715 1125 3775 nempe
1136 3703 1218 3758 Deus
1231 3703 1321 3760 multa

260 3788 289 3845 iu
306 3805 394 3845 rmum
411 3785 547 3862 colligere
563 3805 720 3864 rursusque
733 3805 823 3844 unum
844 3787 871 3844 in
891 3788 980 3846 multa
999 3789 1164 3865 producere
1177 3793 1322 3851 sufficiens
1380 3795 1381 3800 ’

259 3895 321 3938 est:
338 3879 390 3937 scit
401 3878 477 3934 enim
489 3877 569 3935 simul
586 3899 619 3936 ac
634 3892 745 3957 potest:
761 3879 848 3938 homo
859 3893 954 3938 autem
969 3879 1073 3950 nullus,
1087 3884 1138 3960 qui
1148 3884 1319 3943 altemrtrum

258 3971 367 4043 valeat,
383 3981 433 4026 aut
447 3981 489 4026 est
503 3989 590 4036 nunc,
603 3983 653 4028 aut
664 3990 801 4048 umquam
815 3971 879 4029 erit.

296 4067 365 4122 Haec
379 4081 446 4120 sane
462 4059 576 4128 omnia,
589 4060 629 4118 ita
642 4074 709 4120 tunc
722 4063 890 4121 naturaliter
901 4063 1021 4140 allecta,
1042 4085 1078 4124 ex
1089 4069 1260 4126 necessitate
1271 4067 1317 4124 illc
