2724 4690
404 420 750 491 mmmwsu
852 409 855 420 '
1047 439 1117 521 rw

65 559 101 604 Tin
111 546 140 604 hl
152 551 307 606 καθηκόντων
317 548 352 604 τὰ
364 550 407 621 ple
424 544 484 605 elem
506 552 566 622 φασὶ
577 537 682 606 Zroiml
696 551 814 605 obtimi
829 547 863 610 bh
876 553 920 607 eal
933 553 1115 626 κατορθώματα

64 644 150 714 lirum
165 641 359 714 Kotopldparo
373 637 400 696 δ’
415 637 476 697 altor
495 645 522 698 τὸ
535 653 594 699 κατ’
605 645 693 716 bptrhr
706 645 843 716 lrlpynpo,
862 636 908 699 olor
921 647 950 699 rb
965 649 1073 716 epatris,
1087 650 1116 700 τὸ

63 730 237 807 tenderem·
252 736 297 788 obn
310 729 370 814 tiron
392 731 423 788 dl
437 737 621 808 κατορθώματα
636 736 669 792 τὰ
690 738 725 810 μὴ
748 737 825 799 οὕτως
845 740 951 807 tzere,
976 740 993 792 ἃ
1009 735 1043 798 bh
1058 738 1116 795 etit

63 827 126 880 tilae
135 826 275 884 καθήκοντα
286 829 518 899 προσαγοριὺουσιν,
528 829 591 882 hut
603 830 678 903 pioe-
691 823 737 884 olor
749 831 777 883 rb
790 833 929 902 poprium
943 825 1117 904 dimittebat,

63 925 84 979 h
95 930 182 989 nerui:
197 928 282 1000 epam
294 909 374 975 Coll.
397 911 500 976 Glem.
522 911 694 978 Alexandr.
712 913 865 980 Stromat.
884 913 940 979 lib.
952 914 1019 998 Vl,
1042 939 1113 1006 pag.

62 1013 118 1097 796.
134 1012 246 1076 Dama.

62 1205 1116 1234 mmwmfflmfflmmmfflfflfflfflffl

311 1373 847 1482 EXCURSUSV

256 1605 416 1654 Aduverba
429 1607 564 1663 Ciceronis,
579 1609 651 1656 head.
667 1609 704 1664 11,
720 1609 762 1656 lib.
774 1612 798 1664 l,
822 1609 896 1674 §tn

61 1787 316 1864 comprehensibile.
329 1789 437 1844 Feretis
450 1788 513 1844 hoec
522 1788 651 1844 i-Nos
667 1806 753 1859 vero,
772 1789 874 1865 inquit.
888 1791 1024 1862 Quonam
1037 1791 1112 1846 enim

381 1882 635 1946 moderamentum
648 1881 777 1938 deense

443 2071 727 2102 ψ...

90 2239 200 2306 Cicero
220 2239 377 2306 sollicitus
393 2256 463 2304 erat
481 2239 521 2304 de
539 2253 612 2328 apta
627 2239 895 2328 interpretatione
914 2239 1031 2303 harum
1053 2241 1112 2303 v'o-

55 2367 119 2409 cum
139 2369 328 2436 grmcamm.
354 2346 473 2410 Similis
500 2343 671 2436 diligentiae
690 2347 877 2436 exemplum
895 2347 930 2409 in
949 2344 1112 2410 vertendis

55 2448 272 2541 philosophicis
292 2451 437 2515 terminis
453 2448 562 2532 dedit,
579 2450 620 2515 de
637 2451 747 2540 graeois
770 2450 870 2516 literis
887 2449 1111 2516 immortaliter

54 2556 194 2640 meritus,
210 2559 313 2622 Henr.
338 2556 540 2646 Stephanus,
566 2555 623 2644 qui
638 2556 680 2621 ad
696 2557 781 2622 Sext.
799 2557 895 2645 Emp.
912 2557 933 2620 l.
949 2557 982 2638 l,
1000 2571 1110 2620 secta

53 2658 125 2750 (pag.
146 2685 208 2750 199
225 2661 303 2727 edit.
319 2661 472 2745 Fabricii,
490 2658 531 2725 ad
546 2685 576 2726 v.
591 2662 806 2750 καταληφθῆναι),
825 2663 895 2726 haec
910 2661 1110 2743 observavit,

52 2763 108 2831 huc
125 2791 225 2857 quam
241 2769 379 2832 maxime
394 2768 435 2833 ad
454 2767 658 2833 illustrandas
673 2789 770 2832 voces
783 2769 907 2833 Stoicae
921 2766 1088 2832 facientia:

87 2905 100 2929 ι
113 2873 176 2940 Pro
208 2875 433 2966 comprehendi
456 2875 635 2965 potuissem
659 2875 754 2939 etiam
782 2877 831 2939 uti
860 2873 952 2938 infin.
970 2879 1113 2962 percipi,

52 2995 168 3044 vertens
193 2993 390 3060 καταληφθῆναι.
419 2980 532 3044 Cicero
555 2978 642 3043 enim
666 2994 809 3066 utroque
831 2979 902 3044 sine
927 2976 1113 3042 discrimine

51 3085 160 3168 utitur,
179 3083 356 3176 aliquando
373 3103 483 3152 tamen
505 3084 546 3150 ad
563 3086 718 3167 majorem
738 3085 979 3174 expressionem
1001 3107 1038 3149 ea
1056 3107 1113 3148 co·

52 3191 165 3275 pulans.
193 3193 249 3257 Sic
261 3202 398 3273 κατάληψιν
417 3193 530 3275 vertit,
553 3209 620 3257 tarn
632 3193 883 3281 perceptionem,
903 3213 1002 3279 quam
1027 3213 1113 3253 com-

47 3296 274 3381 prehensrbnem
284 3347 296 3380 ,
333 3314 431 3386 atque
465 3296 546 3363 adeo
575 3298 809 3386 cognitionem
840 3296 883 3360 ita
913 3312 1043 3378 tamen,
1077 3313 1116 3360 ut

51 3413 177 3486 κατάληψιν
194 3404 249 3495 (ad
264 3405 414 3492 verbum)
428 3427 545 3470 sonare
560 3404 868 3492 comprehensionem
880 3405 1029 3468 fateatur.
1044 3404 1115 3466 lam
1214 3429 1218 3436 ·

51 3531 117 3576 vero
142 3527 175 3576 et
200 3521 359 3576 καταληπτὸν
382 3509 501 3574 alieubi
530 3508 663 3599 quidem
697 3533 755 3600 per
786 3508 1008 3598 periphrasin,
1029 3508 1118 3597 quod

51 3617 486 3708 comprehendipossit‚item,
500 3615 717 3706 quodperc'tpi
724 3620 841 3705 possit,
855 3613 1022 3679 interdum
1037 3637 1115 3680 vero

51 3737 79 3786 et
90 3747 158 3788 uno
170 3723 272 3788 verbo
290 3721 565 3811 comprehensibile
581 3720 704 3804 reddit,
722 3719 779 3785 sed
800 3721 900 3810 petita
922 3736 998 3784 ante
1011 3721 1114 3783 venia.

51 3829 89 3892 At
106 3839 282 3895 ἀιιτσληπτον
303 3826 416 3892 itidem
438 3851 505 3892 una
524 3849 605 3892 voce
627 3825 935 3916 incomprehensibile
952 3845 1114 3912 nusquam

52 3932 85 3996 ab
106 3957 146 4000 eo
163 3935 287 4002 dicttun
305 3935 492 4024 comperi03
513 3956 581 4022 quo
606 3949 731 4015 tamen,
758 3933 937 4024 analogiam
956 3953 1115 4019 sequens,

52 4039 94 4101 uti
109 4043 241 4108 minime
259 4038 415 4106 dubitavi.
434 4043 475 4106 At
488 4063 565 4105 vero
580 4050 752 4118 ἀκαταληψίαν
767 4062 834 4104 non
850 4041 927 4104 item
941 4023 1116 4122 incompre-
1169 4093 1173 4102 .

55 4142 290 4214 horribilitatem
306 4147 514 4237 interpretari
530 4168 627 4212 ausus
648 4167 733 4210 sum.
750 4144 924 4210 Sciendum
947 4157 1012 4222 est,
1028 4161 1119 4227 repe·
1205 4157 1213 4200 r
