2786 4674
217 365 220 374 ’
277 371 347 466 ⁵9⁰
614 364 662 431 n.
689 365 726 430 r.
751 360 992 430 ‹ncunours

275 506 400 568 cumque
411 485 578 564 winingen
591 496 718 562 qusmt,
728 481 885 542 iudttcuut:
900 482 985 544 itant
996 479 1121 544 cnutus
1131 483 1272 564 ipei,rin
1282 487 1336 548 n‘bi

276 583 399 644 invicem
412 577 548 650 conveni,
562 576 692 636 feruutur
705 573 839 654 quidem,
853 572 904 634 sed
917 573 978 632 siue
990 575 1104 634 ratione
1118 577 1261 656 serentur,
1278 593 1335 640 tum

276 693 395 749 corrue,
416 687 477 734 tum
490 693 527 732 ex
542 670 679 749 obliquo,
696 683 757 730 tum
770 670 906 750 resupina
924 669 1047 747 quadam
1062 670 1270 752 dispositione:
1284 697 1335 734 ceu

275 769 376 848 siquis
389 779 476 846 caput
489 783 544 844 pro
558 759 681 841 pedibus
694 761 775 820 humi
790 762 871 842 liget,
886 760 976 839 pedes
989 782 1059 821 vero
1072 785 1128 843 pro
1143 767 1238 846 capite
1255 769 1334 827 tollat

273 864 305 922 in
317 863 423 921 ultum:
439 872 507 916 tuuc
517 854 645 914 arbitror
656 867 713 912 tam
725 853 798 930 ejus,
809 853 860 930 qui
874 854 915 911 sic
928 851 1050 913 ull'ectus
1060 867 1112 928 est,
1120 877 1209 935 quum
1218 877 1333 932 cunnu,

273 957 324 1035 qui
337 960 483 1032 spectent,
501 948 627 1008 dexterae
642 959 739 1026 partes
752 946 889 1016 sinistre,
906 958 936 1004 et
949 959 1052 1006 conum
1072 947 1197 1014 sinistre
1209 952 1333 1010 deum

272 1047 328 1108 sibi
346 1045 469 1104 invicem
487 1059 548 1100 etse
562 1040 717 1100 videntur:
731 1038 828 1116 itaque
842 1055 932 1116 quum
947 1038 1005 1098 buc
1023 1038 1119 1117 ipsum
1133 1054 1266 1104 deterere
1277 1043 1332 1102 ltn-

269 1138 398 1220 justnodi
410 1133 497 1196 nini
510 1151 627 1212 quoquo
642 1129 767 1192 ambitus
778 1131 901 1192 maxime
915 1131 1081 1210 potiuntur,
1099 1133 1123 1192 si
1138 1147 1209 1197 tnnc
1228 1137 1261 1197 in
1281 1157 1330 1194 cx·

273 1231 427 1292 uiuorum
449 1225 557 1306 aliquid
578 1223 707 1302 ejusdem
722 1224 814 1302 ipsius
836 1225 882 1282 vel
902 1225 1019 1284 alterius
1037 1227 1151 1304 generis
1164 1227 1332 1296 inciderint,

273 1323 361 1396 falso,
378 1319 448 1398 quid
470 1319 546 1377 idem
568 1315 653 1376 elicui
677 1316 713 1374 sit
726 1315 833 1393 quidve
852 1317 976 1375 alterum
999 1313 1036 1376 ub
1053 1318 1170 1396 aliquo,
1182 1319 1329 1398 judicant:

271 1415 395 1492 ideoque
416 1410 567 1470 mendaces
585 1420 653 1468 tune
668 1407 873 1486 dementesque
886 1422 973 1480 suut,
989 1430 1043 1469 nec
1059 1411 1137 1471 ullus
1155 1414 1290 1492 princeps
1303 1427 1331 1472 et

272 1507 368 1566 duxiu
383 1503 424 1564 eis
435 1517 506 1562 tuuc
521 1513 564 1560 est
574 1501 881 1578 circutitustquumque
893 1513 976 1560 extre
989 1503 1076 1581 positi
1089 1523 1192 1564 senem
1205 1505 1329 1584 pulnere

271 1601 329 1659 rint
344 1597 468 1657 animem
486 1593 703 1664 vehementius,
728 1603 877 1670 totumque
891 1613 954 1652 erm
969 1595 1168 1673 possederint,
1192 1599 1327 1668 mucilli,

269 1689 413 1770 subjugati
424 1685 542 1767 quidem
550 1699 580 1744 et
590 1687 761 1757 servientes,
776 1684 919 1744 domiueri
931 1687 1086 1746 videntur:
1100 1707 1176 1768 ques
1186 1689 1228 1749 ob
1240 1709 1285 1750 res
1295 1691 1326 1749 cb

268 1785 353 1844 initio
364 1781 472 1852 anime,
489 1799 578 1859 quum
590 1777 720 1836 mortuiis
734 1779 866 1856 corporis
881 1779 982 1838 vinclis
995 1779 1171 1855 includitur,
1188 1801 1284 1842 emens
1293 1783 1326 1840 el

268 1877 365 1934 licitur
383 1896 390 1931 :
419 1883 449 1932 et
465 1883 618 1949 postquem
633 1869 798 1928 nutritionis
810 1882 840 1927 et
853 1873 997 1948 augmenti
1018 1873 1097 1931 rivus
1113 1875 1266 1953 huiusque
1278 1877 1325 1934 ni·

267 1987 381 2046 uusque
402 1965 483 2036 fluit,
504 1965 661 2040 errimaeque
683 1961 822 2020 circuitus
839 1963 1040 2039 tranquilliore
1061 1977 1144 2024 tuotu
1165 1967 1225 2024 iter
1251 1987 1324 2025 suun

267 2072 421 2142 peragunt,
433 2074 629 2138 processuque
641 2053 779 2132 temporis
793 2051 951 2112 sedunum
960 2055 1049 2127 flunt,
1064 2069 1094 2114 et
1105 2057 1138 2114 in
1151 2057 1275 2134 figur-nm
1285 2079 1324 2118 us·

267 2167 340 2211 tune
356 2169 415 2209 suae
426 2167 583 2226 congruam
597 2149 805 2206 restituuntur:
825 2158 895 2204 tunc
907 2147 1085 2224 singulorum
1097 2150 1276 2210 decumum
1286 2151 1323 2210 di-

265 2258 351 2302 rectae
366 2241 570 2300 conversiones
585 2237 751 2316 ejusdemet
766 2237 883 2296 ulterius
898 2250 1032 2296 usturam
1046 2238 1140 2318 probe
1154 2239 1322 2312 discernum

264 2335 471 2411 hominemque
484 2335 524 2390 sic
535 2332 696 2390 iustitutnm
711 2329 884 2408 prudentem
894 2331 1026 2390 efficiunt
1036 2354 1044 2389 :
1056 2332 1137 2410 quod
1152 2333 1179 2391 si
1190 2335 1257 2412 quis
1266 2335 1321 2394 edu

265 2427 372 2486 cationi
382 2439 524 2502 rectoque
534 2423 686 2482 nutritioui
698 2421 876 2501 disciplinam
889 2441 1007 2501 quoque
1018 2437 1047 2482 et
1057 2424 1256 2486 eruditionem
1265 2447 1321 2486 uun·

264 2519 428 2580 venientem
443 2516 621 2594 adjunxerit,
630 2513 734 2574 morbo
748 2517 916 2591 greviseimo
930 2516 1061 2576 devitato
1074 2523 1162 2578 sanus
1175 2533 1207 2578 ct
1222 2519 1322 2600 integer

265 2631 386 2692 prorsus
400 2609 521 2669 evadet:
534 2607 578 2666 siri
590 2619 685 2665 nutem
700 2607 874 2685 neglexerit,
885 2607 1020 2668 clnudnrn
1030 2610 1099 2669 vitre
1111 2609 1320 2691 itrningretsus,

264 2719 409 2783 tamquam
426 2719 543 2760 mancus
557 2712 586 2758 et
600 2700 718 2758 omuino
729 2700 839 2760 iuntllls
852 2719 952 2759 uersus
965 2701 1002 2760 ed
1015 2702 1125 2762 inferus
1139 2703 1265 2764 decidit:
1277 2705 1318 2763 sed

263 2798 326 2856 haec
342 2793 458 2875 quidem
475 2805 542 2872 post
551 2805 647 2850 ortum
657 2790 829 2872 contingunt
842 2815 850 2849 ε
867 2813 944 2854 nuuc
959 2809 1030 2854 vero
1042 2795 1080 2854 de
1093 2797 1191 2875 primu
1208 2797 1318 2858 bominis

262 2887 472 2966 compositione
495 2885 623 2944 exactius
647 2883 865 2958 disserendum,
886 2893 919 2944 ed
941 2885 1091 2966 probabili
1110 2889 1224 2948 ratione
1246 2909 1319 2951 tuou-

263 2978 430 3049 suendum,
446 2997 503 3055 quu
516 2989 644 3036 musnet
657 2975 840 3053 providentia
854 2981 982 3041 Deorum
997 2980 1108 3056 singula
1117 2981 1250 3042 mesubru
1261 2994 1318 3042 tor-

260 3072 342 3150 poris
364 3069 402 3128 ud
417 3069 529 3146 singule
547 3068 649 3127 enimn
666 3068 765 3128 ollicic
782 3067 841 3126 siut
862 3071 1088 3132 accommodato.
1109 3075 1259 3152 Principio
1277 3075 1316 3134 mi

261 3165 382 3242 ligurum
396 3161 498 3238 cepitis
513 3159 548 3218 sd
563 3158 767 3218 rotunditatem
780 3160 880 3220 muudi
890 3163 1011 3235 linxere,
1023 3165 1054 3222 in
1068 3183 1164 3242 eoque
1177 3166 1253 3226 duos
1262 3167 1316 3226 illos

261 3257 363 3314 euimae
383 3253 497 3312 divinos
513 3253 652 3311 circuitus
672 3263 834 3311 statuerunt
851 3273 858 3310 t
875 3266 918 3312 est
940 3265 1035 3314 eutem
1057 3267 1144 3333 ceput
1165 3258 1316 3317 membrum

261 3345 392 3426 corporis
411 3343 618 3404 divinissimum
637 3343 873 3426 reliquorumque
892 3346 1088 3406 membrorum
1106 3350 1261 3430 princeps:
1277 3351 1316 3410 cui

182 3461 190 3472 ·
262 3450 354 3498 totum
369 3457 474 3516 corpus
488 3456 650 3498 connexum
663 3435 713 3494 Dii
724 3435 841 3500 subesse
853 3451 882 3500 et
898 3459 1001 3518 perere
1014 3439 1182 3521 jusserunt:
1209 3443 1317 3524 excogi—

261 3542 396 3590 taverunt
403 3530 479 3588 euim
490 3543 622 3590 motuum
632 3529 777 3601 omnium,
792 3544 990 3608 quotcumque
1005 3551 1067 3591 esse
1078 3546 1198 3610 queunt,
1209 3553 1316 3612 compos

260 3621 291 3679 id
302 3622 379 3678 lore:
392 3639 480 3696 quum
497 3639 568 3678 vero
581 3620 729 3698 inequalis
744 3634 773 3680 et
786 3639 888 3700 aspero
901 3642 935 3682 nc
948 3623 1054 3702 purtim
1063 3625 1185 3702 qrudeut
1194 3627 1314 3695 acclivis,

191 3737 195 3742 ·
259 3711 365 3790 purtim
380 3709 499 3767 declivis
515 3724 591 3768 terre
601 3712 655 3782 sit,
671 3712 695 3769 si
710 3712 791 3771 brimi
806 3727 894 3792 ceput
907 3728 1038 3793 serperet
1051 3735 1162 3795 perque
1179 3733 1264 3777 terre
1275 3739 1315 3777 cv·

260 3803 405 3884 perficiem
418 3802 602 3874 volveretur,
623 3803 677 3862 hos
699 3805 844 3862 anfractus
858 3807 920 3865 sine
941 3807 1102 3867 offensione
1122 3812 1249 3869 nnusire
1266 3829 1313 3868 nou

259 3910 378 3977 posset:
400 3894 480 3976 quod
494 3915 563 3954 saue
580 3895 686 3956 malum
707 3909 739 3954 ut
758 3899 907 3972 vitaretur,
930 3919 1083 3978 procerum
1100 3899 1180 3959 bunc
1194 3901 1312 3962 habitum

259 3989 391 4068 corporis
409 3983 446 4046 ed
463 3985 619 4046 faciliorem
635 4009 820 4070 progressum
840 3990 888 4048 Dii
904 4011 959 4070 pro
977 3991 1112 4055 vehiculo
1125 3994 1219 4074 cupiti
1232 3991 1313 4075 subjc·
1372 4005 1373 4052 i

259 4094 380 4139 cerunt:
394 4079 511 4158 corpori
523 4091 661 4158 pretereo
673 4093 799 4157 quatuor
810 4079 841 4141 iu
856 4082 975 4162 longini
989 4097 1122 4164 porrecte
1140 4097 1172 4148 ct
1186 4084 1313 4148 flexibilis
1372 4081 1373 4125 ἶ
