2764 4688
406 398 678 468 EXCURSUS
712 399 782 468 111.
1057 399 1123 498 193

65 546 127 612 qus
143 522 208 587 W.
233 521 305 586 ΙΙΙ).
324 519 467 604 haerent,
487 544 563 588 eum
585 517 837 586 considerantes.
860 521 907 586 Ut
927 537 1037 589 sutem
1059 525 1126 591 sin·

65 631 135 719 giis
154 649 292 717 quaeque
308 626 350 690 sd
374 649 472 692 suum
488 627 644 717 quodque
662 647 765 717 genus
791 649 860 691 uno
879 627 1050 694 oculorum
1066 631 1127 696 ob·

66 751 136 798 tutu
152 733 265 799 referri
282 733 427 822 possint,
446 757 581 818 eorum,
598 755 671 822 quse
696 734 770 798 loco
790 733 1012 818 continentur,
1029 735 1129 802 veluti

66 856 193 904 stemma
209 861 424 928 apponamus.

158 1011 321 1064 Honestum
938 1009 1032 1084 Turpe

546 1118 641 1163 cetere

526 1197 659 1279 (media)

391 1398 445 1437 nec
461 1377 539 1437 bons
658 1397 713 1436 nec
727 1377 803 1436 mula

301 1729 460 1787 secuudum
529 1729 565 1786 iis
580 1727 651 1806 ipsis
668 1727 713 1786 in.
764 1739 878 1785 naturae

315 1838 449 1885 naturam
523 1826 643 1903 tenjecta
657 1826 713 1884 alis
769 1824 916 1882 contraria

346 1939 352 2078 Ι
554 1921 650 1982 media

275 2081 416 2142 sumenda
490 2101 544 2140 nec
557 2080 697 2142 sumenda
762 2099 821 2139 non
837 2077 976 2141 sumenda

287 2181 396 2258 (ληπτὰ)
456 2199 580 2240 necnon
593 2177 732 2238 sumendo
813 2176 937 2256 (ἄληπτοι)

163 2275 289 2355 quadam
302 2277 491 2338 aestimatione

240 2374 387 2454 dignanda

75 2549 233 2629 displosis
390 2553 446 2611 alis
466 2551 588 2612 minoris

75 2648 233 2708 estimanda

76 2747 221 2823 praeposita
236 2767 258 2804 s.
410 2745 516 2823 rejects
532 2765 555 2803 s.
581 2805 583 2813 ,

76 2855 209 2924 προηγμένα
376 2854 583 2924 ἀποπροηγμένα·

77 2976 165 3046 Vides
182 2980 216 3044 in
235 2980 286 3045 bis
304 2982 411 3046 omnis
437 2980 561 3070 Officii,
580 2995 612 3044 et
621 2977 773 3068 peffecti,
795 2994 828 3045 et
842 2979 958 3060 medii,
975 3001 1035 3046 seu
1051 2999 1137 3044 com-

77 3089 189 3162 munis,
211 3082 515 3168 adumbrationem,
542 3085 671 3174 qualem
696 3106 772 3148 vere
795 3099 827 3148 et
846 3084 942 3173 plene
964 3107 982 3148 a
1006 3085 1145 3152 Zenone¹

77 3191 246 3277 profectam
265 3207 428 3280 putamus.
451 3192 536 3256 Nam
559 3211 632 3279 quoe
649 3189 736 3253 Sext.
758 3189 852 3278 Emp.
872 3189 974 3254 Math.
1001 3189 1065 3273 xl,
1084 3191 1138 3275 62,

79 3305 131 3374 μήτε
144 3309 303 3379 προηγμένα,
320 3307 383 3378 μήτι
399 3308 592 3378 ἀποπροηγμένα
608 3293 714 3376 addit,
731 3317 768 3360 ea
780 3297 946 3359 Zenonem
963 3294 997 3358 in
1016 3320 1072 3361 nec
1089 3321 1140 3364 su·

79 3403 205 3483 tundis,
224 3426 283 3467 nec
306 3425 371 3466 non
389 3402 562 3482 sumendis,
588 3401 756 3489 reliquisse
773 3415 882 3464 certus
905 3422 1004 3466 sum:
1028 3403 1138 3469 minus

80 3509 156 3574 enim
187 3532 263 3574 cum
287 3509 375 3574 vocis
398 3519 551 3590 προηγμένου
577 3505 811 3595 explicatione,
836 3529 934 3595 quam
966 3507 1018 3572 ille
1049 3509 1139 3574 dedit

81 3613 123 3698 (cs.
140 3616 211 3680 Fin.
231 3615 301 3696 ΙΙΙ,
321 3615 378 3696 16,
397 3613 477 3702 52),
493 3613 702 3677 conveniunt.
720 3613 828 3677 Latius
841 3611 952 3676 eadem
970 3615 1038 3702 ipsa
1052 3613 1141 3704 apud

80 3719 164 3807 Diog.
179 3719 392 3801 Lacrt.VII,S
409 3741 481 3800 101,
500 3739 589 3805 seqq.
599 3733 810 3782 enarrantur:
827 3717 884 3782 sed
901 3719 961 3802 its,
978 3736 1016 3784 ut
1031 3737 1141 3810 postes

82 3824 193 3888 tiorum
210 3825 394 3888 Stoicorum
408 3823 643 3905 additamenta,
661 3822 841 3888 accuratius
861 3837 1026 3910 querens,
1049 3825 1141 3888 facile

83 3926 253 4018 dignoscas.
270 3931 334 3996 Sed
354 3930 422 3996 haec
436 3931 502 4010 jam
519 3930 689 3994 mittimus.
712 3927 909 4009 Adjicismus
922 3931 1031 4019 potius
1049 3932 1140 4011 loco,
1211 3969 1217 3980 ·

86 4055 172 4120 quem
190 4052 386 4118 nectamus,
409 4037 529 4100 scholis
549 4033 714 4124 quaedsm,
732 4051 771 4099 ut
791 4035 931 4118 facilius,
950 4037 1017 4124 quo
1035 4033 1142 4099 tendi-

87 4159 167 4223 mus,
182 4140 421 4232 perveniamus.
457 4186 460 4194 ·
486 4161 512 4194 ι’

149 4253 176 4319 I.
204 4269 252 4315 Cic.
264 4267 407 4329 pantania.
1003 4241 1049 4326 13,
