2724 4690
277 273 531 384 insomne]
556 319 744 403 1,me
768 325 819 410 11,
848 320 880 394 5.
1046 325 1110 399 ,ει

59 427 308 520 Parmenidem,
336 437 603 534 Xenophanem
617 453 662 534 ¹²,
683 445 871 518 Platonem
894 448 1059 540 etiam¹³‚
1081 469 1117 536 et

59 541 227 646 Socratem
243 541 423 640 profertis.
440 549 511 620 Sed
533 577 655 651 neque
671 560 703 610 ¹⁴
726 562 942 631 Saturninus
964 562 1030 658 (ut
1046 589 1116 634 no·

58 663 157 720 strum
178 653 367 725 inimicum
393 661 620 754 potissimum
645 669 856 766 nominem)
875 671 990 742 simile
1008 672 1117 768 quid-

58 785 151 858 quam
166 761 294 836 habuit
311 779 474 840 veterum
491 772 658 864 illorum3
677 801 745 850 nec
759 780 924 852 Arcesitae
938 782 1117 856 calomnia

58 871 260 947 conferenda
279 893 335 949 est
351 903 437 951 cum
456 887 655 960 Democriti
676 891 906 962 verecundia.
932 898 977 964 Et
996 907 1117 964 tamen

57 1125 238 1184 ros-‚Ciceronis
243 1143 313 1177 more
321 1111 442 1194 eleganter
450 1132 555 1198 opponi.
597 1137 649 1188 vid.
661 1141 729 1191 Sext.
740 1141 834 1207 Empic.
846 1141 901 1191 slis.
913 1141 988 1191 mstis.
997 1141 1042 1192 lib.
1051 1125 1115 1204 Vn,

57 1202 162 1267 Elegantia
171 1213 479 1278 strtsotnrae‚suotorisque
488 1231 555 1280 mos,
598 1229 656 1268 sect.
671 1217 736 1284 396,
749 1237 786 1286 sq.
801 1221 836 1270 ibi
849 1223 943 1273 Fabric.
959 1249 994 1262 »-
1003 1227 1041 1272 De
1056 1225 1115 1271 Per·

57 1285 123 1344 regeri
132 1287 219 1350 nequit.
230 1287 297 1353 ets
311 1291 351 1338 15.
360 1291 409 1338 Sed
420 1291 468 1340 hoc
478 1311 555 1342 unum
597 1299 694 1346 menide
713 1311 737 1348 et
753 1302 921 1366 Xenophane,
941 1320 995 1367 quae
1010 1303 1114 1352 dicenda

58 1359 170 1428 addubito,
190 1383 222 1413 an
241 1383 295 1415 non
311 1372 502 1434 comparationis
518 1376 555 1422 ris
596 1389 679 1437 erant,
698 1381 812 1444 exposuit
828 1381 975 1440 Fr't'lleborn,
994 1384 1020 1429 in
1036 1382 1110 1431 Beier.

57 1437 129 1488 intua
143 1443 216 1508 longo
237 1434 357 1497 contextu
374 1449 511 1516 frangatur,
534 1453 555 1502 sl
597 1473 619 1503 z.
634 1457 721 1506 Gesclr.
737 1459 763 1508 d.
777 1455 1046 1525 pbilosopb.part.V1‚
1061 1477 1112 1525 seq.

56 1523 159 1584 rosprius
169 1523 298 1579 deleveris.
309 1531 434 1580 Posterius
442 1545 522 1581 autem
533 1532 555 1582 si
597 1545 654 1599 post
665 1537 783 1602 Stephani
795 1555 862 1603 poes.
874 1537 963 1603 philos.
979 1539 1011 1588 tt.

57 1599 161 1662 attigerit,
173 1607 326 1669 aptissimum
336 1613 504 1661 contentionis
516 1625 553 1663 te·
635 1617 675 1665 13.
695 1617 824 1666 Platonem
843 1617 933 1676 etiam,
953 1631 977 1667 st
991 1620 1015 1667 S.
1032 1619 1070 1668 Ne
1087 1617 1114 1666 hi

57 1689 135 1738 ”ms
150 1695 196 1732 eut
211 1683 249 1732 illi
270 1701 340 1752 remp
344 1723 436 1740 ......
456 1693 491 1739 sic
509 1708 554 1741 vos
597 1693 647 1744 duo
660 1713 760 1762 quoque
774 1697 801 1745 in
817 1699 926 1763 physicis
939 1699 1062 1746 numerari
1076 1697 1114 1745 vl-

56 1755 142 1818 philos.»
152 1763 273 1814 turbabis.
286 1765 354 1815 Nihil
367 1768 441 1833 igitur
453 1782 552 1819 mutan·
597 1776 722 1837 derentur,
734 1779 849 1826 consulto
860 1789 948 1827 auctor
957 1778 1031 1826 eriam
1043 1779 1114 1826 addi-

56 1835 316 1910 du1r‚inprimisqunm
333 1847 425 1912 duplex
440 1867 487 1898 vos
502 1867 553 1899 non
595 1853 1115 1912 dit.CeterumsiTennemann.Gesclricltte

44 1901 142 1966 'ididem
153 1922 268 1984 verbum,
282 1925 325 1973 sed
338 1929 406 1990 prius
416 1929 447 1975 ad
454 1925 554 1995 proser-
595 1935 641 1983 der
649 1933 741 1986 Philas.
751 1948 810 1985 tom.
822 1939 866 1996 IV,
878 1953 904 2003 p.
920 1939 984 2001 399,
996 1938 1112 2000 conjicit,

56 1992 87 2050 ²¹¹³,
94 2003 244 2060 posteriusad
252 2005 337 2052 velitis
343 2007 553 2072 pertineat.Quod
594 2015 661 2062 hunc
679 2023 759 2064 totum
779 2015 862 2065 locum
882 2033 933 2066 esse
951 2033 982 2066 ex
996 2019 1114 2067 Antiochi

56 2071 147 2130 tillim.
161 2081 238 2146 vidit;
253 2085 315 2132 alies
329 2087 394 2133 enim
408 2097 463 2135 ente
477 2105 552 2152 quum
595 2095 634 2142 vel
660 2095 758 2159 scriptis
785 2107 871 2145 contra
899 2097 1047 2156 Philonem,
1073 2097 1114 2146 rel

55 2151 326 2228 interpunxisseszprout
335 2181 380 2212 nos
388 2167 487 2229 quidem
495 2169 552 2216 leci·
592 2175 815 2238 praelectionibus,
846 2189 1003 2237 munmttrm3
1035 2177 1114 2225 fateor

54 2245 101 2283 ιῃῑιθ·
112 2239 217 2288 Celerum
230 2241 301 2306 quod
313 2243 339 2289 ln
351 2243 464 2307 pluribus
476 2247 550 2296 codd·
593 2253 720 2317 equidem,
738 2272 789 2303 uon
803 2255 856 2304 lieri
872 2253 898 2304 id
915 2275 967 2305 non
984 2257 1112 2321 potuisse:

54 2311 130 2374 Simile,
144 2329 183 2366 ant
197 2321 293 2368 Similes
306 2321 429 2382 scribitur,
443 2340 472 2372 ex
482 2341 551 2374 eom·
593 2334 636 2380 sed
652 2351 729 2397 quum
749 2337 900 2401 comparatio
919 2337 966 2384 ista
983 2335 1046 2383 nihil
1066 2351 1113 2384 nec

54 2393 127 2452 prndio
148 2399 176 2444 Sc
197 2415 249 2448 non
277 2412 391 2450 accurate
416 2419 550 2468 expresso,
592 2414 729 2477 peregrini,
744 2414 1112 2466 uecaCiccronealienicolo·

54 2470 125 2520 sulm
136 2477 242 2540 Putabis.
260 2481 293 2528 G.
593 2491 626 2538 ris
639 2492 742 2553 habeat,
763 2495 864 2560 solaque
881 2495 912 2544 eb
931 2511 960 2544 eo
976 2493 1112 2560 exspectari

81 2567 115 2601 rt.
125 2557 309 2623 Xenophanem.
324 2559 438 2609 Dubitari
450 2563 549 2626 nequit,
593 2575 683 2634 possit,
695 2576 738 2638 qui
751 2591 831 2622 rerum
842 2591 996 2623 romanarum
1008 2575 1110 2622 interio-

52 2629 101 2683 hmc
111 2656 185 2689 vei-am
197 2660 248 2691 esse
262 2641 396 2691 lectionem
404 2659 412 2707 3
421 2643 480 2692 licet
490 2647 550 2692 ecri-
593 2665 644 2697 rem
657 2651 704 2699 sihi
719 2655 832 2702 notitiam
845 2655 1008 2718 compararit,
1020 2669 1071 2700 esse
1083 2667 1110 2700 es

52 2717 80 2776 pti
90 2717 163 2782 plures
170 2761 178 2786 ,
186 2723 213 2772 in
224 2720 317 2789 quihus
330 2725 403 2773 etiam
413 2726 464 2774 Erl.
480 2737 505 2774 ct
514 2727 547 2775 U.
592 2729 751 2794 ingeniosior,
759 2749 833 2796 quam
842 2731 995 2796 probabilior
1004 2731 1108 2782 videtur.

52 2808 178 2860 numeratur,
194 2805 323 2851 Zenonem
336 2803 410 2864 hujus
427 2805 484 2854 loco
501 2823 548 2872 po·
594 2809 706 2859 Ceterum
725 2811 778 2860 htec
797 2813 907 2876 proxime
926 2812 957 2858 ad
976 2813 1110 2859 Arcesilam

52 2885 144 2934 munet
152 2881 279 2932 Victorius
290 2883 358 2931 hunc
372 2882 407 2933 illi
421 2887 548 2950 praelatum
592 2891 714 2955 pertinere
735 2899 837 2939 testatur
857 2891 922 2941 Plut.
942 2891 974 2939 ad
998 2891 1110 2940 Colorem

52 2953 103 3002 velit.
117 2959 161 3008 Sed
175 2965 256 3027 pergit
272 2975 358 3011 auctor
375 2965 401 3011 in
414 2964 453 3013 his
467 2967 548 3013 norni-
592 2988 617 3034 p.
631 2985 708 3028 urar,
720 2973 746 3020 F.
760 2970 822 3033 Xyl.
833 2973 865 3020 G.

51 3031 108 3083 nibus
123 3043 277 3091 recensendis
295 3057 408 3092 accurate
426 3056 547 3110 retrogra-
630 3049 938 3113 rt.SedrrequeSatum...
949 3049 1109 3100 verecundia.
1184 3073 1190 3082 ·

52 3109 139 3173 diendo,
153 3120 188 3168 sic
205 3134 235 3170 ut
252 3134 318 3171 recte
333 3123 481 3189 discipulum
495 3142 547 3173 ma·
592 3126 777 3177 Sensnshorum
786 3141 838 3178 est:
849 3152 862 3172 α
871 3131 906 3178 At
916 3141 942 3178 ut
952 3131 1108 3193 Setantinus,

51 3191 547 3269 gislmpraeponst.SiZenonemffleatem
591 3209 721 3257 seditiosus
747 3210 808 3257 civis
829 3209 882 3275 (cl.
902 3225 976 3274 supra
1003 3209 1019 3276 S
1041 3209 1110 3277 ιδ),

50 3273 112 3338 pult)
122 3279 252 3344 voluisset,
263 3299 319 3330 eum
330 3281 397 3330 haud
407 3283 481 3331 dubie
490 3293 546 3330 ante
590 3287 662 3353 plane
672 3287 746 3336 distet
759 3288 789 3336 ah
809 3287 879 3337 claris
893 3289 942 3337 illis
956 3291 1110 3355 antiquitatis

50 3345 196 3406 Parmeniden
222 3361 358 3425 posuisset,
380 3361 473 3426 quippe
496 3358 546 3410 hoo
590 3368 777 3432 viris,quorum
790 3368 907 3433 exemplis
919 3367 1066 3420 abutebatur
1077 3371 1109 3419 ad

50 3437 105 3478 ‘lile
116 3439 303 3499 provectiorem.
317 3439 413 3487 Deinde
423 3441 486 3488 inira
497 3441 545 3500 23,
590 3462 658 3495 susm
668 3447 756 3512 agendi
768 3449 885 3496 rationem
896 3449 1064 3513 probandam:
1076 3452 1109 3500 its

52 3513 89 3566 ll.
103 3515 151 3577 ptri
169 3519 257 3567 ordine
274 3521 442 3568 Parmenidem
461 3521 546 3568 Xeno·
591 3527 689 3591 penitus
697 3528 781 3578 diflert
791 3527 900 3578 modesta
908 3525 1038 3579 dubitandi
1047 3533 1109 3580 ratio

50 3585 139 3654 phanes,
148 3597 199 3646 sine
212 3601 282 3647 omni
293 3599 407 3648 lectionis
417 3601 546 3660 varietate,
591 3607 726 3655 Democriti
737 3625 750 3655 a
766 3607 913 3658 calumniosa
924 3611 1055 3670 Arcesilae,
1065 3627 1110 3660 ve·

50 3671 156 3738 equitur,
172 3675 247 3742 idque
261 3695 291 3728 eo
305 3681 360 3745 ipso
373 3679 445 3737 loco,
457 3679 501 3727 ubi
514 3679 547 3727 ed
591 3703 645 3734 rum
656 3691 773 3751 cognosci
783 3704 855 3752 posse
865 3691 989 3754 negantis,
1001 3693 1109 3749 ratione;

50 3741 91 3795 l&
104 3753 151 3818 lpse
169 3759 340 3822 respondetur.
356 3760 468 3825 Denique
485 3758 544 3807 Μ·
590 3768 699 3816 licethic
708 3769 841 3818 Democriti
850 3784 1035 3836 ceterorumque
1045 3771 1109 3836 phy·

50 3827 121 3894 scripti
129 3835 237 3903 plerique
247 3841 433 3906 Xenophontem
441 3841 548 3900 variant,
593 3847 700 3896 cicorum
713 3850 826 3914 exemplo
837 3852 901 3899 hanc
912 3867 980 3900 suam
990 3851 1109 3900 rationem

51 3920 140 3968 quocum
162 3919 262 3968 nomine
295 3919 345 3988 iere
374 3921 464 3985 ubique
486 3919 549 3970 illud
593 3923 739 3976 defendat».
755 3930 901 3998 Saturninus
915 3947 1015 3996 nempe,
1030 3929 1108 3976 furio·

52 3985 191 4056 Xenopr'sanis
209 4001 380 4052 confunditur.
400 4005 432 4051 G.
452 4031 487 4040 -
509 4003 547 4052 De
592 4007 699 4054 sissimus
730 4007 906 4072 popularium,
937 4009 1107 4058 seditiosorum

51 4065 192 4141 lundonie,
211 4083 372 4146 Anaxagora,
389 4085 547 4144 Democrito,
593 4085 742 4152 reliquorum
749 4089 839 4136 civium
849 4089 905 4137 loco
914 4088 1023 4152 ponitur,
1031 4099 1108 4151 prout
