2724 4690
288 440 535 514 ACADEMIC.
561 439 598 527 l,
622 441 755 512 LIBER
778 444 834 530 Il,
857 459 890 542 7'.
1052 455 1122 528 265

54 581 256 668 sequuntur
269 591 329 655 ea,
351 591 432 663 quae
452 589 531 635 uon
554 562 720 634 sensibus
742 567 829 663 ipsis
843 567 981 670 percipi
995 573 1123 651 dicun.

53 697 120 768 tur,
136 679 201 752 sed
224 677 386 776 quodam
399 674 513 748 modo
532 673 714 766 sensibus3
723 683 770 747 'ut
781 676 858 749 haec
872 707 880 749 :
896 679 992 754 Illud
1006 703 1060 760 est
1073 690 1123 761 al·

51 789 137 861 bum
149 845 161 880 ,
172 789 246 862 hoc
261 788 384 877 dulce,
400 809 576 860 canorum
590 784 701 874 illud,
715 785 787 858 hoc
799 786 895 861 bene
909 792 1032 884 olens,
1053 798 1124 874 hoc

50 925 231 999 asperum.
246 901 379 972 Animo
390 899 466 994 jam
479 897 555 970 haec
570 911 736 969 tenemus
750 903 1034 1000 comprehensa,
1046 935 1123 983 non
1181 971 1186 996 „

51 1012 229 1086 sensibus.
243 1012 330 1100 Ille,
346 1010 536 1108 deinceps,
550 1032 666 1105 equus
681 1025 745 1098 est,
759 1010 820 1084 ille
833 1015 980 1087 oanis20.
997 1022 1125 1116 Cetera
1178 1062 1180 1069 ι

50 1127 160 1196 series
179 1121 312 1194 deinde
327 1123 504 1218 seqnitur,
524 1119 662 1214 majora
679 1136 847 1214 nectens3
869 1139 912 1197 ut
927 1126 1022 1218 haec,
1043 1157 1124 1229 quae

51 1237 153 1332 quasi
164 1232 516 1333 expletam²¹rerum
525 1231 891 1328 comprehensionem
902 1239 1125 1338 amplectun-

51 1360 126 1416 tur:
142 1346 181 1416 Si
201 1343 315 1415 homo
335 1357 407 1430 est,
426 1341 558 1414 animal
578 1357 634 1414 est
651 1344 822 1435 mortale,
843 1341 991 1420 rationis
1009 1355 1123 1450 parti-

51 1465 187 1553 ceps²².
209 1456 293 1546 Quo
310 1477 476 1551 egenere
491 1447 599 1523 uobis
616 1453 753 1524 notitiae
766 1481 889 1530 rerum
909 1460 1124 1560 imprimun-

50 1563 176 1653 tur²³;
208 1569 285 1636 sine
312 1562 448 1661 quibus
477 1560 592 1633 nec²4
622 1561 775 1663 intelligi
802 1566 1025 1669 quidquam,
1056 1598 1124 1646 nec

51 1676 183 1774 qnaeri,
202 1689 267 1746 aut
284 1671 461 1774 disputiri
480 1686 610 1772 potest.
629 1675 740 1764 Quod
758 1679 789 1748 si
807 1696 928 1751 esseut
943 1680 1039 1754 lalsae
1055 1709 1123 1756 no·
1143 1727 1175 1760 υ

52 1785 134 1854 titire
157 1781 294 1880 (ἐννοίας
319 1785 418 1852 enim
439 1775 630 1850 notitias²5
651 1781 832 1878 appellare
850 1797 891 1857 tu
911 1786 1127 1890 videbare),

52 1896 78 1965 si
94 1896 209 1992 igitur
222 1907 344 1965 essent
356 1892 413 1964 hae
426 1889 544 1979 falsae,
559 1905 622 1962 aut
636 1891 813 1993 ejusmodi
828 1896 912 1970 visis
925 1899 1124 1998 impressae,

84 2139 127 2174 ao.
146 2122 211 2183 Ille,
226 2122 354 2189 dcmcepr,
371 2137 448 2188 equus
461 2131 510 2182 est,
524 2119 566 2169 ille
610 2118 663 2168 hece
677 2119 808 2172 delendum
825 2125 896 2173 foret.
916 2127 1000 2176 Unum
1014 2113 1125 2178 uotiottis

51 2204 125 2252 mnis.
145 2203 265 2252 Lucullus
283 2220 297 2252 e
315 2204 409 2251 ratione
427 2203 565 2251 Stoicorum
609 2198 737 2264 explicata
751 2197 906 2268 exemplum,
924 2205 1002 2255 instar
1016 2206 1125 2272 reliquo·

52 2285 155 2347 primum
165 2283 251 2348 posuit
263 2297 304 2345 ea,
315 2299 370 2346 quse
381 2281 472 2346 singuli
481 2295 566 2330 seusus
609 2296 681 2341 rum,
694 2279 836 2346 simpliciter
847 2283 953 2333 additur.
968 2289 999 2337 G.

51 2363 199 2429 peru'piaut,
212 2379 268 2427 quae
275 2363 469 2427 propriaeoruut
481 2361 565 2421 cnjus·
645 2376 688 2409 aa.
708 2361 820 2412 Rationis
840 2363 972 2430 particeps.
995 2367 1034 2415 Ex
1055 2382 1124 2415 mero

51 2459 96 2506 que
111 2443 201 2505 judieii
218 2455 295 2493 suut:
315 2454 344 2494 ut
362 2442 463 2496 album,
481 2455 566 2489 sensus
609 2449 708 2506 torpore
727 2442 862 2492 scribarum
882 2455 937 2504 est,
957 2445 1025 2509 quod
1050 2445 1124 2494 codd.

50 2522 163 2582 videndi;
178 2541 254 2573 sonus
261 2558 271 2582 ,
287 2523 396 2583 aurium,
410 2522 482 2572 etita
494 2521 565 2570 deiu-
607 2520 718 2586 plerique
730 2523 827 2572 ratione
832 2525 957 2590 particeps
968 2536 1078 2590 peccaut.
1091 2527 1123 2575 G.

51 2618 115 2666 eeps.
130 2605 282 2668 Sequuntur,
295 2617 350 2666 quae
360 2603 410 2664 jaru
424 2614 506 2650 tenere
517 2615 565 2648 uos
645 2599 688 2651 23.
703 2607 758 2668 Quo
770 2621 784 2650 s
792 2619 896 2669 genere.
906 2638 931 2654 ..
945 2605 1123 2670 imprimuntur.

49 2683 143 2745 ammo,
164 2683 234 2732 dicit.
255 2680 381 2732 Gerrerie
399 2679 490 2741 efficit,
509 2697 565 2746 quae
608 2681 706 2730 Cumara
719 2683 866 2732 est-dicendi
876 2685 939 2733 ratio
950 2701 1013 2749 pro,
1024 2707 1037 2727 a
1046 2671 1098 2750 quo
1108 2703 1123 2734 e

50 2765 119 2810 etiam
136 2760 242 2820 αἴσθησις
256 2772 395 2812 vocatura
414 2761 566 2824 Stoicis,ut
607 2776 664 2826 gen.
689 2773 762 2820 sunt,
786 2778 906 2827 quarn..
924 2764 997 2827 impr.
1013 2785 1026 2805 a
1052 2765 1123 2824 cujus

49 2841 278 2908 Plutareh.quoque
287 2859 333 2892 uos
342 2853 427 2891 mouet
436 2841 467 2890 de
478 2842 563 2891 Pleuit.
608 2841 717 2906 exempla
731 2842 794 2892 beue
807 2843 884 2891 multa
897 2843 1018 2905 congessit
1028 2842 1122 2909 Wopk.

50 2921 137 2983 philos.
155 2923 175 2971 l.
192 2925 241 2972 IV.
260 2920 385 2974 Φαντασία
401 2939 460 2988 ergo
477 2922 518 2970 illa
532 2923 564 2970 ab
607 2921 686 2971 Lectt.
697 2922 761 2970 Tull.
773 2939 799 2985 p,
811 2937 854 2984 91,
866 2936 915 2986 seq.
930 2923 961 2971 G.

49 2999 78 3047 iie
93 3000 210 3051 definitur
225 3003 293 3068 apud
311 3003 423 3052 eumdem
438 3003 563 3052 Plutarch.
645 3008 686 3055 as.
701 3001 754 3048 Nec
768 3000 846 3049 intel..
856 3033 882 3047 ..
905 3017 951 3048 nec
965 3001 1058 3066 quari,
1077 3015 1124 3052 aut

51 3079 385 3149 eteliomt'rsrnetcltingp‘.
398 3086 432 3133 tt.
607 3079 670 3144 disp.
694 3079 807 3128 Praebeut
823 3079 891 3128 Gnd.
908 3090 934 3129 et
948 3083 1013 3132 Ven.
1037 3089 1122 3146 1494:

82 3176 127 3211 ar.
149 3163 263 3220 oeteo,
277 3179 333 3227 quoe
346 3161 563 3227 quasieoepletam.
606 3161 717 3223 «Neque
739 3159 892 3224 intelligi...
917 3175 1017 3224 neque,
1044 3172 1093 3210 etc.
1108 3185 1122 3206 ι

52 3239 564 3308 Quariat‚sere,poerre.Ceterumegregie
607 3239 771 3288 (leuinias.
791 3241 830 3297 Π,
857 3239 928 3303 epist.
956 3255 997 3304 19.
1023 3243 1121 3291 Ernest.

50 3334 92 3380 per
108 3321 162 3370 haec
184 3322 304 3387 gradatim
326 3321 480 3371 ascendendo
504 3323 562 3370 itur.
606 3330 652 3368 aut
673 3318 765 3380 deleta,
788 3316 950 3383 dtspurarive,·
964 3319 996 3369 l'r.
1016 3319 1072 3368 cod
1095 3331 1124 3369 ut

51 3399 174 3463 Expletaur
197 3412 278 3450 autern
300 3417 380 3450 rerum
404 3401 563 3467 comprehen-
605 3397 699 3448 scribit.
713 3399 744 3447 G.

50 3477 140 3528 sionem
164 3480 242 3539 alibi,
271 3481 456 3545 intelligentiam
482 3495 563 3528 rerum
642 3479 685 3527 25.
700 3468 797 3534 ἐννοίας
811 3477 875 3526 euim
889 3475 996 3529 notitias.
1011 3475 1121 3530 Hiiltem.

51 3557 176 3608 enodatum
205 3557 362 3624 (inchoate,
385 3561 564 3610 adumbrataeve
606 3573 724 3626 perquam
742 3558 878 3621 incongrue
896 3559 972 3616 lecit,
988 3575 1065 3622 quum
1081 3575 1123 3608 rr.

50 3639 202 3700 oppositam,
221 3655 277 3704 quae
292 3655 379 3689 manca
397 3641 466 3704 quasi
484 3638 564 3689 rerum
608 3639 671 3689 enim
681 3635 889 3687 notiticsdeleret.
903 3639 967 3686 'ium
979 3639 1043 3686 enim
1058 3651 1123 3688 certe

50 3719 234 3783 eomprdreunio
246 3731 284 3768 est
293 3720 316 3784 ),
329 3720 444 3784 appellat.
458 3719 523 3768 Vide
532 3719 565 3769 ad
606 3721 656 3780 sic,
670 3721 709 3768 vel
723 3719 770 3768 erle
784 3719 859 3784 quid,
877 3718 1016 3768 addendum
1029 3720 1122 3770 fuisset.

51 3797 122 3860 legg.
133 3801 161 3859 1,
173 3815 202 3862 9,
214 3799 257 3848 eo.
271 3799 344 3848 Unde
354 3799 455 3858 instet,
468 3799 564 3850 notitiae
607 3801 671 3864 Quis
690 3811 770 3870 autem
790 3801 900 3864 ignorat,
924 3799 1044 3860 ejusmodi
1066 3799 1124 3847 sub-

50 3875 149 3939 ungule
159 3895 252 3938 rerum,
262 3879 334 3928 nobis
344 3880 478 3944 impressae,
488 3880 566 3944 allge-
608 3881 769 3929 stantivoruut
783 3880 940 3945 repetitiones
956 3881 1051 3928 auctori
1065 3895 1123 3945 per·

51 3954 255 4024 merirciiegrifse.
276 3959 363 4023 Neque
377 3975 433 4007 curu
448 3958 564 4006 waltero
608 3975 681 4025 qnam
705 3976 757 4008 ease
775 3961 896 4009 usitatas?
921 3959 994 4007 Enim
1017 3961 1088 4008 etiarn
1109 3972 1124 4004 ι

51 4033 183 4084 audiendus
195 4037 323 4096 Davisius,
338 4038 464 4101 quiroces
475 4037 565 4086 utioec
608 4038 687 4088 tribue
702 4039 762 4086 meis
784 4039 852 4088 abest
867 4055 873 4089 :
889 4039 933 4087 sed
954 4039 1041 4103 reliqui
1058 4046 1125 4084 reete

52 4117 207 4179 transpositas
216 4128 273 4166 ante
283 4116 306 4164 si
318 4115 390 4165 domo
404 4127 458 4177 est,
471 4117 564 4166 malint.
608 4129 720 4179 servaut;
735 4129 761 4170 et
770 4119 872 4169 inservit
883 4119 935 4168 lraec
947 4129 1010 4184 part.
1024 4116 1126 4183 proprie

51 4191 113 4240 Turn
127 4205 153 4242 trs
168 4195 216 4244 irae
234 4195 406 4258 scribendum,
425 4195 465 4246 rel
482 4197 565 4262 potius
610 4193 758 4263 parenthesi.
776 4199 807 4247 G.
