2776 4688
434 405 764 476 INTRODUCTIO.
1107 405 1126 477 5

71 531 192 592 fornne
205 527 260 592 vel
275 525 357 608 hoc,
375 547 462 590 meas
480 543 584 616 partes
598 529 632 592 in
649 529 687 592 iis
702 527 790 593 libris
806 528 967 616 copiosius
983 529 1129 596 defensas

69 655 146 707 esse,
160 654 262 719 quam
277 653 352 695 suas
366 654 374 696 :
393 615 481 718 quod
493 633 676 698 mehercule
690 657 757 698 non
772 654 840 696 esse
854 634 1054 724 intelliges...
1065 633 1131 700 sed

69 753 169 800 tamen
187 757 253 824 ego
270 757 341 797 non
356 733 493 822 despero
511 737 683 825 probatum
700 738 740 800 iri
753 737 934 802 Varroni...
954 739 1017 804 Sed
1033 741 1130 804 etiam

66 858 157 929 atque
172 841 273 905 etiam
290 837 383 922 dico,
401 857 460 904 tuo
477 843 621 929 periculo
639 842 703 908 fiet.
717 845 826 925 Quare
842 843 869 907 si
886 843 1072 928 addubitas,
1088 844 1130 910 ad

65 949 201 1010 Brutum
229 962 449 1028 transeamus3
478 964 527 1012 est
553 949 639 1014 enim
665 950 692 1014 is
720 971 852 1037 quoque
874 949 1073 1014 Antiochius.
1100 951 1130 1015 0

65 1051 277 1117 Academiam
287 1053 473 1135 volaticam,
496 1069 529 1116 et
550 1055 599 1127 sui
622 1055 777 1135 similem,
801 1054 900 1118 modo
922 1055 1004 1136 huc,
1029 1055 1129 1120 modo

11 1209 16 1222 .
66 1159 154 1222 illuc!
171 1189 185 1213 ι
202 1158 265 1246 Ep.
290 1155 330 1228 35
348 1179 362 1221 s
383 1157 561 1240 avar-mni,
589 1159 719 1240 scribis,
750 1175 796 1241 te,
819 1159 915 1223 simul
945 1183 982 1223 ac
1007 1161 1132 1224 venerit

68 1261 199 1350 (supple
213 1285 222 1326 :
239 1262 341 1326 libros
358 1283 447 1326 meos
464 1261 615 1327 daturum
634 1263 731 1350 esse).
751 1265 825 1328 Dati
839 1265 938 1354 igitur
953 1267 1020 1345 jam
1037 1280 1132 1348 sunt3

67 1389 125 1430 nec
140 1367 199 1430 tibi
216 1369 383 1455 integrum
399 1384 466 1430 est:
479 1365 555 1450 bui,
572 1368 708 1448 si'scias,
726 1385 849 1456 quanto
866 1371 1012 1456 periculo
1030 1371 1107 1434 tuo!
1120 1401 1133 1426 ι

67 1470 215 1558 Denique
228 1493 280 1558 ep.
295 1473 354 1549 44:
369 1501 382 1526 ι
392 1473 443 1535 Tu
456 1487 561 1534 tamen
574 1489 670 1536 ausus
682 1495 715 1536 es
724 1471 860 1536 Varroni
874 1473 971 1538 dare?
983 1489 1133 1562 exspecto

69 1575 141 1662 quid
150 1574 279 1656 judicet
292 1599 301 1639 ε
314 1575 445 1663 quando
455 1591 564 1640 autem
579 1577 760 1665 perlegetln
772 1578 941 1642 Postremo
952 1580 1024 1642 loco
1040 1578 1132 1643 addi-

12 1764 17 1774 ,
70 1703 137 1745 mus
155 1704 198 1744 ex
212 1680 318 1761 ejusd.
334 1681 408 1746 libri
423 1704 473 1770 ep.
492 1681 552 1746 32⁴:
571 1684 778 1770 «Torquatus
796 1685 836 1766 (i.
855 1705 882 1747 e.
900 1683 1010 1747 liberl
1027 1683 1067 1747 de
1082 1685 1133 1747 Fi·

71 1785 304 1872 mbuisomae
315 1802 363 1850 est
371 1810 378 1850 :
386 1787 465 1866 jussi
477 1804 514 1850 ut
527 1786 588 1850 tibi
593 1785 734 1852 daretur.
744 1787 896 1851 Catulum
911 1803 943 1852 et
950 1787 1133 1870 Lucullum,

71 1906 105 1954 ut
118 1891 255 1978 opinor,
273 1907 366 1956 antea
378 1890 390 1978 (
402 1891 594 1982 accepisti):
612 1893 663 1956 his
680 1891 769 1955 libris
787 1913 871 1956 nova
887 1893 1040 1980 prooemia
1058 1907 1135 1958 sunt

18 2051 21 2054 .
72 1994 194 2078 addita,
205 1995 328 2084 quibus
342 2019 457 2060 eorum
474 2013 612 2084 uterque
628 1997 778 2062 laudatur
791 2029 813 2062 ι.

114 2102 189 2166 llaec
203 2101 339 2189 quidem
362 2102 449 2184 loca,
464 2119 676 2192 praeterquam
697 2103 803 2191 quod,
825 2103 859 2166 in
881 2127 987 2168 unum
1004 2104 1137 2187 collata,

71 2207 196 2270 lectoris
229 2205 391 2286 judicium
420 2207 574 2287 adjurant
602 2226 640 2273 et
663 2207 825 2298 dirigunt,
850 2225 979 2274 sortem.
1002 2232 1134 2297 quoque

72 2311 340 2384 Academicorum
366 2312 541 2394 librorum,
566 2337 664 2401 quam
691 2314 730 2378 ab
759 2315 829 2403 ipso
857 2331 988 2380 auctore
1013 2316 1134 2405 experti

73 2434 161 2501 sunt,
182 2435 215 2482 et
236 2417 302 2484 lata
318 2418 510 2484 continent:
528 2435 566 2482 ut
580 2433 667 2483 recte
685 2443 798 2484 eorum
817 2420 949 2485 uberius
961 2437 1134 2510 excerpto·

24 2609 27 2617 ῃ
73 2545 142 2586 rum
154 2525 285 2590 veniam
301 2545 428 2612 sperare
444 2546 538 2613 posse
549 2540 717 2612 putemus.

112 2631 160 2694 Ex
181 2631 234 2694 bis
255 2613 355 2719 igitur
372 2631 444 2696 loci.
472 2633 678 2719 interpretas,
699 2634 764 2713 jam
785 2634 924 2698 sTalaeo
945 2633 1021 2697 inde
1041 2633 1134 2721 (vid.

74 2736 160 2823 epist.
184 2735 322 2800 dedicat
342 2735 385 2800 ad
400 2737 469 2817 ejus
485 2737 641 2802 Praelectt.
662 2737 696 2800 in
712 2738 778 2802 Cic.
789 2737 909 2802 Acadd.
919 2736 947 2817 l,
971 2736 1133 2825 duplicem

75 2840 237 2904 Ciceronis
249 2837 517 2904 Academicorum
532 2839 705 2904 editionem
720 2856 885 2904 statuunt:
901 2840 1032 2906 alteram
1048 2841 1135 2905 illam

74 2945 225 3010 binorum
244 2943 422 3026 librorum,
444 2943 501 3008 sed
523 2945 566 3008 ob
587 2967 802 3031 personarum
820 2947 1075 3033 colloquentium
1100 2948 1135 3010 in

74 3065 158 3114 tanta
175 3072 288 3112 rerum
304 3047 479 3113 subtilitate
495 3059 622 3130 ἀηιψίαν,
638 3050 764 3114 auctori
775 3067 886 3138 postea
900 3052 1134 3139 improbatam:

74 3156 202 3219 alteram
223 3155 309 3218 banc
333 3151 473 3241 quatuor
496 3153 672 3236 librorum,
697 3154 742 3218 ita
765 3156 934 3242 scriptam,
960 3171 997 3217 ut
1020 3156 1137 3242 prioris

74 3259 238 3324 abolendae
254 3259 328 3322 loco
344 3274 529 3347 poneretur.
544 3257 607 3322 Sed
622 3281 723 3346 quum
736 3260 826 3346 prior
835 3259 948 3337 jamin
964 3259 1137 3326 huminum

9 3349 10 3370 ¹
76 3387 185 3430 manus
218 3365 436 3452 pervenisset,
467 3363 687 3451 oblivionique
717 3362 809 3428 reddi
841 3363 1026 3450 nequisset,
1055 3387 1139 3430 nova

75 3489 238 3536 auctorem
267 3471 398 3558 utrique
429 3469 496 3549 ejus
523 3470 606 3534 libro
633 3470 793 3535 addidisse
820 3472 991 3559 prooemia,
1018 3474 1139 3561 quibus

80 3578 206 3644 Catuli&
219 3595 254 3644 et
268 3577 416 3642 Lucullus
436 3578 508 3665 (his
524 3578 611 3648 enim
623 3578 768 3667 inscripti
787 3577 901 3666 erant)
918 3579 1138 3648 laudarentur.

78 3687 179 3772 Atque
191 3683 273 3748 binc
287 3684 439 3770 prooetnii
451 3684 611 3770 posterius
626 3681 725 3747 additi
741 3685 834 3766 loco,
848 3683 936 3748 idem
951 3685 1004 3750 ille
1015 3687 1140 3752 'Pdaeus

79 3811 110 3852 ea
122 3802 332 3869 annumerat,
350 3811 422 3876 quae
436 3788 519 3853 libro
531 3789 562 3852 ll
577 3787 610 3852 in
624 3788 750 3852 Luculli
762 3787 890 3872 laudem
905 3787 944 3852 ad
963 3795 980 3869 §
1003 3790 1021 3855 5
1035 3814 1140 3879 usque

78 3898 200 3982 prelata
212 3897 379 3984 leguntur.
396 3895 434 3960 ln
448 3894 593 3960 eamdem
606 3897 673 3959 fere
683 3894 1031 3984 sententiamdisputat
1042 3897 1138 3960 etiam

79 3998 236 4064 Victorius
268 3997 309 4062 ad
335 3999 456 4064 Lucull.
484 4001 518 4082 l,
547 4023 582 4080 r,
605 3999 738 4064 uberius
762 4000 830 4064 haec
859 4015 972 4063 contra
997 3998 1142 4087 epistolae

80 4106 281 4192 scriptorem,
293 4104 403 4172 nescio
416 4127 530 4192 quern,
540 4105 734 4188 edisserens,
750 4106 821 4193 qui,
833 4104 985 4193 deceptus
998 4104 1057 4168 illo.
1067 4105 1144 4170 loco
