2744 4684
241 315 313 399 424
392 318 400 340 ¹
579 313 628 380 n.
651 312 690 379 r.
716 307 964 380 crcnnorus

241 455 423 506 summum
444 429 583 504 bonnm
606 431 730 529 ponit,
751 430 814 526 qui
838 450 952 525 quum
980 427 1135 498 Zenonis
1158 426 1308 499 auditor

241 559 353 633 esset,
374 541 473 614 vides
490 554 668 640 quantum
685 538 789 611 abeo
808 538 1031 622 dissenserit,
1048 551 1086 609 et
1100 561 1209 634 quam
1228 563 1306 608 non

240 655 432 725 multuma
453 647 637 725 Platoue³.
662 653 925 748 Megaricorum
951 645 1020 719 fuit
1044 647 1175 720 nobilis
1199 649 1306 721 disci·

240 765 363 863 plina,
390 763 517 858 cujus,
550 776 590 832 ut
607 762 792 858 ,scriptum
822 758 949 846 video,
980 761 1150 857 princeps
1177 763 1304 830 Xeno-

239 873 378 972 phanes
392 878 420 961 4,
450 897 560 970 quem
590 869 701 942 modo
733 870 940 954 nominavi,
971 868 1103 940 deinde
1133 893 1215 941 etam
1250 895 1304 941 se·

238 984 366 1079 quuti,
389 979 617 1053 Parmenides
643 994 680 1051 et
703 986 826 1051 Zeno:
858 979 979 1075 itaque
1003 978 1050 1050 ab
1080 978 1136 1052 his
1158 981 1304 1050 Eleatici

243 1089 475 1193 philosophi⁵
493 1090 785 1164 nominabantur.
818 1094 902 1161 Post
932 1089 1118 1178 Euclides,
1149 1091 1303 1162 Socratis

238 1359 289 1411 Off.
302 1357 375 1406 Adde
396 1356 502 1406 lleiuera
519 1356 580 1421 allg.
594 1355 647 1404 lrit.
663 1354 748 1405 Gesclr.
792 1355 841 1404 Cur
853 1354 916 1402 enim
926 1353 1031 1418 primum
1042 1353 1209 1418 Xenophanes
1218 1355 1303 1418 Elega-

239 1439 284 1487 der
297 1439 376 1486 ae'a'lterrs
390 1453 415 1484 u.
431 1451 521 1484 necem
534 1435 614 1485 ertit.
630 1434 674 1484 Tl.
688 1437 711 1483 1.
722 1435 747 1481 S.
792 1432 898 1480 riona-iam
907 1426 1039 1498 princeps?
1050 1431 1140 1479 deinde
1148 1449 1194 1480 eur
1202 1432 1247 1480 ista
1256 1433 1303 1480 hoc

241 1519 290 1578 52,
302 1533 371 1582 seqq.
385 1517 420 1565 ll.
792 1512 964 1561 sententiarum
970 1511 1073 1560 ordine?
1083 1511 1170 1576 Neque
1176 1513 1302 1560 amemusa

275 1597 300 1644 ³.
315 1598 339 1643 A
352 1595 465 1643 Platone.
481 1591 670 1658 Megaricorum.
682 1593 719 1640 lta
733 1599 749 1647 t
793 1601 844 1650 est,
857 1590 924 1653 quod
938 1590 1025 1638 Cicero
1035 1591 1216 1654 Megaricorum
1230 1591 1302 1639 disci-

239 1689 433 1734 meonam,cum
446 1673 499 1721 aliis
511 1673 627 1731 aliorum,
640 1685 750 1735 expresse
792 1669 884 1736 pliuam
903 1669 929 1716 in
944 1669 1036 1718 Ethicis
1049 1665 1127 1732 (nam
1147 1669 1180 1718 de
1198 1670 1303 1719 lsiasolia

240 1756 363 1817 referunt,
382 1769 430 1818 pro
450 1753 569 1817 vulgato,
588 1767 626 1799 ια
650 1751 751 1798 Platone
793 1748 878 1816 agit),
894 1747 924 1796 ab
937 1749 1043 1798 Eleatie'a
1056 1749 1227 1816 philosophia,
1242 1751 1303 1811 ejus·

240 1833 365 1898 Megarici.
385 1835 498 1897 Quorum
515 1853 536 1879 n.
557 1828 606 1878 Sed
623 1841 751 1894 receptas
794 1847 841 1896 que
872 1841 971 1879 auctore
997 1830 1171 1895 Xenophane,
1200 1843 1303 1896 repetat,

240 1912 312 1963 uobis
322 1929 377 1961 vera
386 1911 459 1961 lectio
469 1921 504 1958 eat
514 1925 521 1960 :
532 1927 607 1975 quum
617 1927 672 1958 vere
683 1909 751 1957 Plato
794 1928 869 1975 quum
880 1912 907 1959 iu
916 1911 968 1959 istis
975 1911 1007 1959 ab
1015 1911 1061 1959 hac
1071 1911 1112 1958 illa
1123 1921 1176 1959 tote
1189 1909 1303 1976 pendeat,

240 1993 268 2040 iu
281 2013 292 2036 ι
303 1991 442 2055 cognitione
454 2001 479 2039 et
490 1990 590 2039 seientia
600 2011 613 2030 ι
631 2004 751 2037 summurn
794 1991 858 2038 etin
872 1990 1011 2038 Dialectieis
1024 1989 1100 2038 modo
1118 1989 1230 2051 diflerat,
1243 2005 1303 2053 quo-

242 2071 335 2119 bonum
355 2079 483 2130 statueret,
505 2084 549 2117 nee
571 2079 669 2133 posset,
691 2067 752 2132 quiu
793 2085 849 2118 rum
867 2086 919 2134 'ope
941 2069 988 2117 telu
1011 2085 1054 2116 sua
1077 2068 1197 2126 acuebat,
1220 2069 1304 2134 quibua

240 2146 752 2210 sicfaceret,quumadideassuaecuneta
795 2159 878 2196 eontra
905 2147 1060 2196 Aristotelem
1083 2158 1108 2197 et
1134 2147 1304 2212 Peripateticus

241 2225 348 2274 referret.
359 2227 385 2274 si
393 2225 458 2274 idern
469 2225 496 2274 τὸ
508 2225 593 2293 pirpcs
605 2237 630 2274 et
640 2224 766 2293 cipparius.
795 2239 911 2288 uteretur,
933 2227 966 2277 el.
986 2243 1041 2292 quse
1062 2238 1176 2275 accurate
1201 2225 1303 2290 disputat

241 2304 299 2351 lanio
307 2318 401 2353 summo
411 2293 606 2368 bonoadjnuglt,
616 2304 678 2352 nihil
686 2303 752 2352 aliud
794 2301 909 2355 Tennemss
924 2305 1010 2356 Gesclr.
1024 2307 1050 2356 d.
1064 2305 1109 2354 Pls.
1123 2317 1141 2354 r.
1155 2307 1198 2365 rt,
1216 2323 1244 2370 p.
1262 2305 1303 2354 135

242 2382 308 2445 vult,
316 2399 387 2446 quam
396 2382 461 2432 hano
471 2383 578 2432 veritatis
589 2383 752 2448 cognitionem
794 2401 861 2450 seqq.
872 2385 936 2434 llius
944 2385 1002 2434 inde
1012 2386 1043 2434 de
1052 2387 1234 2450 Megaricorum
1243 2385 1305 2433 Ethi-

241 2463 267 2509 in
283 2478 334 2510 sese
347 2461 521 2520 coherentem,
542 2474 566 2510 et
582 2461 613 2510 ad
627 2463 700 2510 vitam
713 2479 752 2510 sa·
796 2466 831 2513 cia
846 2475 894 2512 tam
910 2480 996 2529 parurn
1009 2465 1138 2513 Veteribus
1151 2475 1303 2523 memoratur,

240 2541 336 2605 pientur
355 2539 536 2592 traducendam.
557 2541 633 2606 Quod
650 2541 671 2588 si
688 2553 752 2590 recte
794 2555 822 2592 ut
835 2543 875 2591 hic
889 2545 940 2608 ipse
955 2545 1024 2593 loeus
1038 2545 1152 2592 classicus
1165 2544 1209 2592 ait.
1224 2546 1303 2591 Xeno-

241 2621 364 2681 tenueria,
382 2618 479 2684 optabis
496 2619 559 2668 forte
575 2620 641 2668 hunc
656 2620 751 2680 locum,
795 2621 899 2688 phauem
915 2635 995 2671 autem
1009 2634 1095 2671 auctor
1108 2623 1167 2671 ideo
1184 2625 1304 2682 nominat,

240 2699 268 2746 in
287 2715 384 2747 omnem
404 2699 512 2746 Plutonis
530 2715 624 2748 morum
642 2698 753 2764 philoso·
796 2711 822 2750 ut
835 2700 887 2749 haeo
897 2701 927 2748 de
935 2701 974 2749 hia
987 2701 1120 2766 disciplinis
1131 2701 1158 2748 in
1169 2703 1303 2750 nniversam

241 2777 324 2844 phium
342 2778 520 2842 gravissimum,
540 2777 623 2842 paullo
642 2792 753 2841 compre·
797 2781 929 2846 disputaret
940 2796 946 2828 :
957 2791 1029 2844 quent
1042 2781 1074 2827 ita
1082 2779 1218 2845 principem
1228 2783 1303 2844 Mega-

241 2857 339 2905 hensiaa
360 2857 511 2922 expositum,
533 2873 605 2921 qnam
628 2857 753 2924 hueusque
797 2861 902 2908 uicorum
925 2861 952 2907 iu
976 2860 1067 2908 Ethicia
1092 2858 1173 2920 dicit,
1199 2873 1228 2910 ut
1251 2861 1303 2908 alias

241 2937 331 2984 laetum
340 2936 416 2985 rides.
425 2935 465 2984 Cl.
475 2938 638 2986 Tenuemann.
649 2939 752 3000 system.
796 2937 955 3004 Phyaieornm
961 2939 1137 3003 Epicureorum
1142 2939 1303 2988 Democritum

243 3015 287 3064 der
304 3017 367 3065 Plat.
382 3016 475 3066 Philoe.
491 3027 511 3064 t.
527 3018 578 3075 Ill,
596 3032 622 3081 p.
640 3015 671 3063 5⁵
686 3031 752 3080 seqq.
797 3017 857 3066 solet
868 3019 920 3067 rin.
933 3021 961 3078 l,
974 3017 1001 3078 6,
1015 3034 1056 3078 17·
1067 3018 1156 3080 Agitur
1164 3029 1245 3066 autem
1256 3019 1279 3066 h.
1288 3018 1303 3064 l.

242 3095 299 3144 coll.
315 3095 393 3156 ejusd.
409 3095 554 3145 Gesehiehte
570 3094 613 3142 der
626 3093 718 3142 Philoa.
735 3104 753 3142 t.
798 3097 828 3146 de
841 3098 887 3158 iia,
905 3113 1009 3162 quorum
1028 3097 1059 3145 de
1076 3095 1167 3145 linibus
1186 3098 1303 3146 sententiae

243 3175 282 3236 ΙΙ,
299 3191 324 3240 p.
342 3175 392 3236 478
410 3189 480 3242 seqq.
498 3174 538 3223 ste
557 3174 632 3237 igitur
649 3172 755 3222 Herillus
795 3173 915 3236 jacebant.
946 3176 1103 3224 Premittitur
1129 3175 1231 3238 Herilli,
1255 3192 1304 3240 qua·

243 3241 541 3303 non'multumaPlatoue
557 3251 756 3300 differebutzaerl
799 3265 850 3303 tota
870 3255 969 3321 explosa
990 3265 1041 3303 erat
1060 3255 1113 3304 Flu.
1137 3257 1176 3314 ΙΙ,
1198 3256 1303 3314 13,s3;

243 3339 312 3378 totus
341 3331 467 3382 differebat
488 3349 502 3380 a
524 3335 638 3392 Zenone,
652 3331 755 3391 Cittleo,
798 3335 871 3383 Tuae.
879 3337 911 3392 V,
924 3335 963 3392 30,
976 3331 1018 3382 ts.
1031 3336 1063 3384 G.

244 3407 372 3471 magistro,
383 3411 654 3477 quippequiausumum
662 3410 756 3458 bouum
837 3414 858 3460 5.
881 3411 987 3460 Eleatici
1000 3411 1092 3478 plilos.
1116 3411 1191 3460 Bellis
1212 3411 1304 3460 Persicis

244 3487 271 3533 in
284 3483 337 3533 eolo
355 3486 454 3537 honesto
472 3501 581 3558 poneret.
600 3489 660 3538 lnrle
675 3499 755 3538 autem
798 3489 971 3555 flagrantibus,
998 3509 1053 3540 cum
1080 3491 1135 3539 aliis
1162 3490 1304 3556 sapientibus

243 3563 400 3630 hecreeepta
407 3567 480 3617 lectio
486 3569 517 3617 ab
527 3570 594 3619 omni
604 3569 755 3626 dubitatione
799 3570 963 3634 Xenophanes
978 3587 1009 3619 ex
1022 3571 1080 3620 Asia
1096 3570 1187 3618 minori
1202 3571 1304 3634 migrarit

243 3642 364 3701 eximitur,
381 3646 449 3708 quod
470 3657 555 3695 auctor
576 3648 606 3696 de
623 3647 758 3714 Megaricis
799 3649 1302 3714 exColophoneinSiciliam‚ettnaximam

244 3724 372 3788 separatim
384 3723 469 3773 addit:
483 3725 530 3772 «ht
542 3743 641 3793 quoque
653 3726 755 3776 multaa
799 3728 856 3775 rite
879 3739 973 3792 partem
998 3739 1083 3794 postea
1109 3726 1173 3776 Eleae
1192 3727 1303 3782 s.Veliae,

244 3799 375 3850 Platone».
388 3803 420 3851 G.
799 3823 892 3872 msgnae
902 3807 1084 3866 Graecioeurbe,
1095 3807 1304 3872 eousumpdt,ulri

279 3891 305 3940 4.
319 3884 543 3952 Megaricorum...
549 3886 660 3950 princeps
671 3887 755 3934 Xerre-
799 3896 887 3935 sectam
915 3887 1077 3937 Eleatieorum
1109 3885 1304 3953 philosophorum

239 3960 346 4028 pisones.
364 3964 453 4012 Mirum
474 3964 547 4025 hujus
566 3964 614 4012 loci
637 3965 753 4014 rationem
798 3965 916 4015 condidit.
928 3963 987 4014 Vld.
1002 3965 1186 4016 tractentur.
1199 3965 1254 4014 crit.
1266 3966 1302 4030 ph.

243 4041 300 4092 iun.
309 4043 375 4093 sicco
383 4043 446 4109 pede
456 4043 555 4092 manure
564 4058 615 4092 uon
625 4042 752 4094 debebant.
798 4054 816 4093 t.
830 4047 857 4103 1,
870 4059 896 4109 p.
913 4047 989 4110 1143,
1000 4060 1067 4111 seqq.
1081 4049 1113 4095 ll.
