2764 4688
238 330 310 402 216
575 328 969 398 ARGUMENTUM.

276 452 421 511 hominem
442 449 608 528 opinionem
629 451 739 523 vitare,
765 463 794 507 et
817 449 975 527 sapientem
1000 447 1162 506 necessario
1184 445 1302 506 debere.

276 547 348 608 Inde
371 547 534 626 profectum
561 545 647 624 (cum
670 550 785 604 Zenone
814 545 897 624 quasi
923 543 1122 621 disputaturus
1147 543 1302 622 lingitur),

277 664 313 704 eo
334 663 396 703 rem
419 643 591 716 deduxisse,
616 657 649 702 ut
672 642 804 714 doceret,
824 642 936 699 nullum
951 641 1044 699 visum
1059 660 1076 698 a
1093 659 1164 698 vero
1181 654 1302 710 ortum,

280 744 337 802 tale
364 760 448 814 esse,
483 753 516 799 ut
543 759 603 798 non
627 737 837 816 ejusdemmodi
863 738 956 796 visum
984 757 1001 794 a
1028 735 1100 796 salso
1130 738 1224 814 possit
1251 756 1304 794 or-

276 853 336 899 tum
353 859 423 900 esse.
442 871 481 885 -
501 839 678 916 Opinatione
696 857 765 896 sane
785 837 1031 916 perceptioneque
1053 834 1183 907 sublata,
1206 855 1307 894 conse·

273 957 366 1015 quens
386 957 467 1008 esse,
484 955 629 994 assensum
646 935 732 1014 plane
752 955 813 994 esse
833 933 1016 994 retinendum
1038 955 1045 989 ε
1065 932 1159 1004 unde,
1184 933 1208 991 si
1224 932 1305 1012 ipse,

271 1035 343 1094 nihil
359 1053 442 1113 posse
457 1032 586 1111 percipi,
608 1032 782 1105 ostenderit,
797 1033 839 1091 illi
853 1029 1071 1090 concedendum
1087 1049 1169 1108 esse,
1186 1049 1306 1089 omnem

271 1131 463 1190 assensionem
482 1149 543 1188 esse
567 1127 784 1202 sustinendam,
811 1134 904 1203 577,
927 1129 973 1202 78.
998 1125 1075 1186 Nihil
1097 1145 1166 1204 ergo
1189 1125 1306 1205 percipi

270 1249 373 1308 posse,
388 1227 413 1286 si
428 1247 465 1285 ne
476 1247 574 1286 sensus
588 1225 705 1306 quidem
718 1246 788 1285 vera
803 1226 929 1286 videant.
948 1231 1082 1300 Quorum
1093 1223 1247 1283 veritatem
1266 1223 1308 1281 il-

245 1311 248 1316 ’
273 1324 333 1384 lum
348 1324 423 1383 tueri
436 1325 612 1401 argumentis
627 1321 848 1397 communibus,
865 1323 949 1396 licet,
962 1342 1000 1380 ne
1015 1321 1072 1380 hoc
1089 1321 1191 1393 fieret,
1207 1341 1225 1379 a
1243 1340 1309 1380 sese

273 1421 338 1480 heri
353 1421 443 1480 multa
457 1433 559 1479 contra
575 1440 640 1494 eoa,
658 1441 712 1479 nec
727 1421 794 1479 loco
807 1420 986 1493 necessario,
1000 1419 1146 1498 disputata
1159 1419 1226 1477 sint.
1244 1422 1308 1479 Nec

271 1531 350 1577 recte
364 1539 398 1578 ea
413 1517 450 1576 de
468 1517 592 1577 infracto
606 1539 707 1596 remo,
721 1533 776 1578 etc.
790 1518 906 1598 negligi.
922 1518 987 1578 Alia
999 1516 1065 1576 heri
1078 1515 1179 1576 eadem
1193 1515 1231 1575 de
1246 1535 1278 1574 re
1289 1536 1309 1574 a

270 1636 301 1674 se
313 1635 374 1675 esse
385 1614 474 1688 dicta,
489 1635 554 1694 quas
568 1616 624 1676 nisi
634 1616 821 1689 refellantur,
837 1615 982 1693 discerpta
994 1633 1079 1673 causa
1089 1610 1233 1693 judicium
1245 1613 1312 1671 nul·

272 1715 331 1772 lum
349 1713 456 1772 valere.
474 1717 599 1772 Veracos
613 1713 772 1792 Epicurum
787 1733 886 1772 sensus
900 1713 974 1770 velle
995 1716 1002 1769 l
1024 1712 1178 1770 Lucullum
1195 1711 1310 1769 scilicet

271 1809 359 1888 hujus
379 1829 493 1890 semper
516 1812 686 1870 auctoritate
710 1812 773 1885 uti,
797 1813 849 1889 qui
873 1811 900 1868 ei
926 1827 1044 1888 gravem
1066 1809 1143 1867 litem
1163 1807 1308 1867 intendat.

272 1913 311 1968 Et
326 1928 394 1967 sane
407 1908 484 1967 hunc
500 1909 559 1966 tani
575 1909 644 1968 :sed
660 1910 764 1982 illum,
789 1910 840 1987 qui
854 1909 916 1968 visa
928 1928 1064 1968 sensuum
1076 1908 1132 1966 alia
1142 1925 1232 1977 vera,
1251 1907 1309 1966 alia

272 2005 343 2063 salsa
355 2005 443 2075 velit,
457 2005 487 2063 id
499 2006 575 2064 velle
589 2007 651 2065 sine
665 2020 744 2066 certa
755 2006 951 2086 distinguendi
960 2018 1045 2078 nota,
1059 2011 1074 2078 S
1090 2025 1143 2082 79,
1156 2005 1205 2062 80.
1217 2003 1309 2079 Quod

272 2102 321 2160 ille
336 2101 442 2160 deinde
455 2147 463 2171 ‚
486 2103 604 2181 integris
615 2103 662 2162 his
673 2103 822 2178 sensibus,
838 2103 894 2164 deo
907 2104 1056 2184 optionem
1067 2103 1227 2174 offerente,
1244 2121 1311 2160 tne-

271 2197 359 2256 liores
370 2197 448 2256 haud
461 2198 690 2260 desideraturum
703 2221 733 2260 se
748 2201 841 2273 dicat;
854 2201 899 2259 his
910 2219 1067 2280 perparum
1078 2217 1147 2258 sane
1158 2197 1309 2257 hominem

275 2293 391 2364 valere,
405 2314 496 2372 quum
511 2296 560 2354 vix
575 2317 735 2375 pancorum
751 2297 915 2357 milliarium
925 2297 1049 2375 spatium
1063 2296 1217 2354 oculorum
1232 2295 1311 2354 acies

273 2389 384 2448 intendi
399 2390 498 2470 possit.
520 2397 556 2450 Et
567 2393 646 2470 quod
659 2414 718 2452 non
732 2396 855 2472 amplius
868 2414 899 2453 se
911 2392 1075 2452 desiderare
1086 2391 1164 2450 dicat
1177 2412 1183 2448 :
1199 2391 1310 2470 talpam

273 2487 369 2546 lumen
382 2507 500 2565 quoque
513 2509 572 2547 non
585 2490 762 2560 desiderare;
776 2511 892 2569 neque,
905 2491 930 2549 si
941 2489 1135 2557 desideraret,
1147 2501 1207 2546 tam
1218 2507 1311 2567 expo·

273 2584 447 2643 stulatururn
461 2605 527 2643 curn
543 2586 618 2656 deo,
635 2587 714 2665 quod
730 2606 834 2665 parum
849 2587 976 2658 videret,
999 2605 1086 2664 quant
1099 2583 1310 2664 quodfalsum.

274 2685 386 2740 Narem
399 2681 564 2755 incitatam,
581 2703 597 2742 a
614 2698 692 2742 terra
707 2705 770 2743 eam
777 2683 957 2756 videntibus,
970 2697 1061 2754 stare,
1077 2683 1171 2742 nautis
1184 2701 1232 2754 ea,
1242 2703 1311 2760 quae

272 2780 302 2836 in
320 2791 397 2839 terra
413 2779 489 2849 sint,
510 2779 622 2838 moveri
632 2781 735 2838 videri.
749 2781 864 2852 Solem,
886 2799 973 2858 quem
988 2779 1182 2838 mathematici
1194 2791 1311 2838 tantum

273 2888 420 2945 statuant,
434 2877 517 2954 quasi
531 2875 664 2955 pedalem
679 2876 771 2935 oculis
785 2895 944 2956 apparere,
957 2883 973 2950 5
985 2878 1021 2934 81
1035 2919 1044 2948 ,
1058 2877 1104 2934 82.

312 2971 369 3033 Sed
385 2985 475 3032 totam
496 2973 571 3032 hanc
589 2973 836 3047 controversiam,
862 2993 900 3032 ne
921 2991 1052 3052 magnam
1067 2986 1097 3031 et
1113 2991 1235 3050 gravem
1249 2991 1311 3050 pu-

274 3083 357 3142 tent,
374 3069 404 3127 in
417 3069 517 3147 parvis
533 3081 562 3126 et
573 3070 689 3128 minutis
708 3071 828 3129 versati.
845 3074 980 3143 Quatuor
997 3088 1101 3148 nempe
1114 3069 1211 3148 capita
1225 3087 1311 3138 esse,

271 3166 372 3240 unde,
396 3167 468 3226 nihil
483 3167 595 3246 percipi
608 3186 711 3246 posse,
728 3166 936 3226 concludatur:
954 3168 986 3224 1⁰
998 3187 1059 3226 esse
1074 3167 1138 3225 visa
1151 3209 1160 3239 ,
1175 3185 1242 3244 quae
1256 3166 1312 3224 tat-

270 3263 350 3334 lant;
378 3262 408 3320 2⁰
434 3261 495 3322 haec
512 3282 571 3321 non
587 3281 672 3342 posse
687 3262 818 3342 percipi;
839 3261 882 3320 ¹3⁰
897 3281 962 3340 quae
985 3263 1046 3321 risa
1063 3263 1136 3321 nihil
1153 3261 1312 3329 differant,

272 3356 311 3436 (i.
328 3379 354 3416 c.
374 3377 500 3437 quorum
521 3379 581 3418 non
601 3372 680 3418 certa
703 3359 899 3438 distinguendi
918 3372 988 3418 nota
1006 3356 1078 3437 sit),
1105 3377 1210 3416 eorum
1225 3358 1312 3416 nullo

270 3453 360 3512 modo
379 3453 435 3512 alia
448 3456 560 3535 percipi
575 3476 660 3534 posse
672 3499 681 3530 ,
705 3457 761 3514 alia
777 3477 837 3514 non
852 3476 955 3535 posse3
984 3456 1017 3525 4⁰
1036 3455 1149 3514 nullum
1167 3473 1231 3514 esse
1256 3475 1311 3514 ve·

270 3569 336 3609 rum
350 3569 485 3609 sensuum
502 3552 610 3626 risum,
635 3554 683 3612 cui
704 3572 763 3611 non
778 3553 874 3612 obstet
891 3553 970 3613 aliud
989 3553 1101 3625 visum,
1125 3550 1204 3629 quod
1220 3549 1259 3610 ab
1274 3571 1311 3610 eo

271 3645 343 3705 nihil
356 3645 495 3721 diflerat,
509 3661 596 3727 atque
611 3650 651 3709 ita
665 3651 777 3729 percipi
790 3671 850 3708 non
861 3651 961 3729 possit.
976 3653 1090 3708 Horum
1105 3649 1234 3727 capitum
1249 3662 1312 3728 tan:

271 3741 421 3802 tummodo
433 3756 568 3821 quartum
583 3744 621 3805 ab
635 3747 691 3806 illis
704 3748 877 3826 oppugnari.
893 3747 1000 3825 Negari
1016 3758 1074 3804 tam
1087 3745 1193 3803 similes
1207 3744 1239 3802 in
1252 3765 1311 3804 na·

272 3853 337 3900 tura
350 3859 397 3899 res
411 3859 491 3912 esse,
503 3853 536 3898 ut
545 3841 616 3900 nihil
627 3843 714 3921 plane
726 3843 873 3902 differant.
882 3841 1024 3903 Atvideti
1034 3853 1113 3901 certe
1127 3841 1198 3900 ntes
1211 3861 1310 3920 posse.

271 3936 345 3997 Inde
362 3957 478 3996 sensum
493 3937 553 3996 salli
566 3962 573 3996 :
585 3941 636 4016 qui
650 3941 675 3998 si
689 3941 824 4014 fallatur,
846 3941 958 4000 incerta
972 3940 1096 4000 eradere
1108 3939 1224 4013 omnia,
1248 3939 1309 3996 cri-

272 4036 345 4096 terio
360 4035 400 4095 ite
412 4035 536 4096 sublato.
552 4037 635 4110 Dici,
649 4038 720 4099 nihil
734 4059 813 4112 esse,
825 4039 904 4117 quod
916 4060 975 4098 non
987 4058 1168 4117 sucgerere,
1182 4037 1245 4096 i..e.
1258 4056 1310 4096 sua
