2716 4686
218 488 224 498 Ι
389 407 774 478 ARGUMENTUM.
1048 407 1113 479 115

92 550 181 609 nepte
196 531 228 590 in
240 541 334 603 mete,
357 549 411 589 nec
430 531 460 589 in
472 551 562 611 prave
577 531 722 612 perceptis
737 531 808 609 poni
828 531 927 608 possit.
939 531 1011 590 Inde
1027 531 1114 592 fidem

91 626 270 687 tribuendam
284 646 347 687 esse
367 627 514 703 sensibus,
529 649 619 708 qrrum
639 628 860 706 comprehensio
878 626 1010 688 sensibus
1023 629 1114 700 sacta,

90 744 152 784 tera
162 724 201 783 sit
213 738 243 782 et
256 723 344 782 fidem
357 737 518 798 mereatur,
533 723 612 803 quod
627 725 724 784 omnia
738 724 915 796 contineret,
930 741 996 802 que
1006 717 1114 785 ineam

91 822 186 880 cadere
199 833 336 900 possent,
352 819 490 898 quodque
503 843 538 882 ea
552 822 635 900 quasi
647 841 751 882 norma
765 821 891 882 scientiae
902 841 919 880 a
930 837 1036 882 natura
1048 823 1115 882 data

90 919 135 993 sit,
153 940 192 978 ex
207 936 268 998 qna
287 918 393 979 deinde
407 921 541 982 conones
564 941 730 981 communes
747 922 778 980 in
795 921 892 980 animo
909 921 1114 981 formarentur.

91 1018 223 1075 limorem
239 1029 343 1076 eontra
358 1019 451 1076 omnis
471 1019 603 1098 generis,
628 1019 656 1077 in
671 1025 758 1097 quem
775 1015 887 1078 stabilis
909 1018 1035 1078 arsemio
1056 1039 1116 1079 non

91 1113 221 1188 caderet,
237 1134 255 1172 a
270 1114 378 1173 virtute
390 1129 420 1174 et
434 1115 573 1194 sapientia
588 1135 650 1175 esse
666 1116 801 1176 alienum.
824 1119 893 1176 llaec
909 1133 983 1188 esse,
999 1117 1030 1174 in
1048 1117 1115 1196 qui-

93 1209 141 1270 bus
152 1217 236 1272 Zeno
249 1210 288 1270 ab
302 1210 481 1272 Academicis
493 1214 748 1292 Peripateticisque
762 1212 904 1286 discedat,
922 1222 970 1282 ta.

124 1313 187 1368 lam
198 1313 297 1368 Varro
308 1310 389 1370 vices
401 1311 562 1370 enarrantis
576 1328 643 1372 suas
654 1309 691 1370 ad
700 1312 869 1370 Ciceronem
883 1310 995 1382 delam,
1008 1309 1118 1390 quippe

92 1425 176 1482 quum
191 1405 231 1465 ab
246 1407 377 1467 Arcesila
393 1408 461 1466 inde
475 1427 557 1468 norae
570 1409 751 1480 Academiae,
773 1427 860 1486 quam
874 1407 923 1466 hic
935 1425 1013 1467 nunc
1026 1409 1119 1487 proli-

94 1516 191 1578 reatnr,
207 1515 402 1587 ,annutans
418 1506 591 1585 exponenda
611 1507 682 1579 sint,
707 1508 755 1576 43.
773 1511 848 1566 Tum
866 1507 984 1579 Cicero,
1003 1523 1119 1565 ornnem

91 1603 224 1660 Arcesilae
241 1603 470 1661 controversiam
490 1603 574 1662 unice
590 1623 655 1661 curn
671 1608 789 1663 Zenone
812 1601 899 1660 fuisse
918 1625 925 1658 ι
950 1615 980 1660 et
1001 1602 1119 1680 quidem

92 1715 123 1754 ea
137 1717 189 1768 eo,
211 1695 294 1775 quod
311 1697 359 1756 ille
372 1719 419 1757 res
434 1718 534 1757 omnes
549 1698 725 1757 obscuritate
739 1699 833 1777 premi
846 1698 973 1768 videret,
996 1718 1060 1776 quae
1073 1701 1118 1756 vel
1147 1746 1150 1756 .

92 1797 237 1852 Socratem
253 1791 292 1852 ad
313 1793 392 1852 illam
412 1795 571 1853 inscientiae
586 1794 795 1853 consessionem
820 1789 965 1870 adegerit3
994 1805 1023 1850 et
1037 1813 1120 1871 paene

91 1889 223 1948 omnibus
238 1901 306 1948 ante
322 1888 401 1948 hunc
413 1890 596 1969 philosophis
609 1901 652 1948 tot
662 1889 845 1968 querelarum
857 1909 942 1948 causa
954 1889 1056 1958 fuerit,
1072 1895 1119 1960 lt.

93 1985 158 2044 lude
167 1987 305 2045 statuisse
319 1986 487 2060 Arcesilam,
500 1987 573 2045 nihil
588 1987 656 2045 seiri
666 2005 765 2065 posse,
778 2006 815 2044 ne
830 1985 887 2044 hoc
901 1985 1030 2064 quidem,
1041 1987 1121 2064 quod

93 2085 160 2143 nihil
172 2086 262 2158 sciat,
276 2086 344 2144 licet
356 2084 388 2143 id
400 2089 533 2145 Socrates
549 2085 716 2161 excepisset,
733 2088 777 2142 Ita
793 2103 854 2142 esse
870 2082 994 2142 obscura
1007 2085 1122 2157 omnia,

93 2195 122 2238 ut
134 2181 207 2239 nihil
220 2180 310 2259 plane
321 2179 451 2239 sensibus
460 2181 616 2258 animoque
625 2179 736 2258 percipi
751 2180 852 2258 possit.
867 2179 947 2239 Nihil
959 2199 1020 2238 esse
1034 2180 1123 2258 igitur

95 2291 237 2336 utrerum
251 2275 468 2355 profitendum,
480 2275 571 2350 nihil,
587 2291 621 2335 nt
635 2276 691 2334 tale
699 2275 932 2350 ,affirmandum
947 2275 1124 2378 assensiope-
1204 2273 1206 2278 ⁴

93 2393 145 2449 que
152 2372 400 2452 approbandum
412 2371 603 2432 coercendam
612 2385 728 2451 potrus,
748 2385 783 2430 ut
793 2391 952 2432 immunem
968 2384 1025 2432 tea
1039 2339 1120 2453 lapsu
1170 2395 1172 2402 ’

93 2471 169 2529 omni
184 2472 354 2542 wntiueas,
373 2490 489 2529 omnem
499 2470 603 2548 judieii
620 2470 915 2549 temeritatemque
938 2491 974 2530 eo
989 2485 1122 2550 tempore
1150 2496 1153 2502 ’

94 2568 181 2627 soleat
195 2587 260 2626 esse
280 2567 422 2640 maxima,
442 2567 493 2625 uhi
508 2567 595 2637 laisa,
609 2580 639 2626 et
656 2586 760 2645 parum
781 2580 860 2627 recte
882 2569 998 2647 cognita
1013 2588 1125 2648 appro-

94 2661 207 2722 bentur.
227 2669 294 2724 Hoc
312 2677 407 2723 autem
430 2683 492 2722 esse
510 2664 724 2742 turpissimum,
743 2664 767 2722 si
791 2663 855 2742 quis
875 2663 946 2741 quid
960 2665 1124 2724 assensione

95 2763 172 2838 prius
196 2759 358 2840 approbet,
371 2781 458 2838 quam
479 2761 508 2818 id
534 2759 631 2839 ipsum
651 2762 822 2839 cognoverit
843 2773 930 2838 atque
949 2763 1123 2840 perceperit.

95 2860 148 2917 Cui
169 2857 400 2940 philosophandi
425 2859 531 2918 rationi
556 2859 763 2917 convenienter
784 2857 945 2937 disputasse
966 2860 1123 2918 Arcesilam

96 2974 207 3035 semper
220 2969 251 3014 et
266 2953 374 3032 ubique
387 2955 447 3012 lere
459 2967 560 3012 contra
573 2955 727 3012 sententias
740 2953 983 3033 philosophorum
994 2956 1124 3015 omnium
1231 3023 1234 3032 Α

96 3051 107 3128 (
116 3053 164 3130 qui
181 3055 257 3112 scire
273 3051 330 3110 sibi
345 3051 598 3130 viderentur),eo
615 3051 755 3121 consilio,
770 3064 802 3109 ut
817 3051 929 3110 facilius
945 3053 1072 3111 assensio
1087 3053 1124 3112 ab

97 3161 218 3228 utraque
240 3162 322 3224 parte
342 3145 537 3220 cohiberetur,
553 3149 577 3206 si
594 3147 625 3206 in
643 3146 745 3206 eadem
757 3146 867 3224 ubique
883 3167 915 3204 re
929 3147 1056 3207 rationes
1069 3169 1125 3226 pro

97 3264 146 3316 ea,
160 3259 189 3305 et
201 3258 307 3304 contra
321 3264 403 3318 eam,
424 3243 480 3305 sibi
496 3264 580 3324 pares
596 3242 895 3322 deprehenderentur.

138 3347 218 3403 lianc
235 3361 299 3401 esse
318 3343 504 3415 senteutiam,
522 3362 587 3420 quae
601 3341 762 3400 Academiae
782 3359 865 3399 novae
884 3341 1001 3400 nomine
1022 3345 1126 3423 appel-

98 3438 194 3498 letur:
212 3439 265 3498 sed
280 3439 304 3498 si
321 3439 408 3498 Plato'
423 3439 460 3497 ad
479 3451 606 3498 veterem
620 3439 699 3496 illam
716 3437 871 3512 referatur,
887 3440 994 3498 rectius
1020 3441 1127 3499 veteris

99 3538 214 3596 nomine
235 3535 454 3615 insigniendam.
479 3540 515 3594 In
535 3533 622 3611 hujus
643 3535 720 3593 enim
734 3533 849 3612 scriptis
863 3553 945 3612 aeque
959 3534 1031 3595 nihil
1047 3537 1127 3596 affir-

99 3634 188 3705 mari;
203 3653 286 3712 aeque
298 3634 389 3692 multa
401 3633 433 3692 in
446 3645 599 3710 utramque
611 3646 724 3711 partem
738 3631 840 3690 disseri
852 3675 860 3704 ,
873 3651 968 3710 neque
980 3649 1128 3712 procerte

99 3731 185 3789 statui
197 3731 368 3810 quidquam.
391 3729 446 3790 Sed
461 3751 516 3808 per
534 3749 564 3788 se
587 3731 674 3788 licere
689 3730 768 3789 illam
791 3729 987 3802 novemdial,
1010 3749 1075 3808 quae
1090 3730 1128 3789 ad

99 3825 278 3886 Carneadem
295 3845 387 3904 usque
401 3824 531 3884 eamdem
545 3819 686 3884 rationem
701 3824 835 3883 tenuerit.
851 3827 937 3883 Hunc
953 3845 1021 3885 vere
1033 3826 1130 3905 philo-

100 3923 209 4002 sophiae
221 3923 258 3982 ab
272 3924 353 3982 omni
366 3936 450 4002 parte
459 3921 533 3982 bene
545 3942 677 4002 gnarum,
689 3923 832 4001 planeque
846 3922 953 3980 eximia
963 3921 1130 4001 disputandi

102 4019 237 4080 factdtate
256 4017 411 4098 pmditum
425 4019 534 4092 luisse,
560 4018 685 4079 Zenonis
695 4061 704 4090 ,
723 4017 874 4096 Epicurei,
899 4019 1063 4078 testimonio
1085 4019 1132 4076 fir·

103 4117 177 4174 mari
190 4138 197 4172 r
211 4117 262 4194 qui
279 4115 348 4175 licet
361 4157 370 4187 ,
385 4129 418 4174 ut
439 4117 614 4194 Epicureus,
634 4115 806 4175 sententiam
820 4113 1007 4174 vehementer
1026 4113 1133 4190 disere·

987 4209 1020 4278 8.
