2764 4688
243 360 313 441 sal,
588 352 971 425 ARGUMENTUM.

278 494 335 538 rem
345 473 492 538 Socratica
504 473 574 545 sint,
588 487 685 532 tamen
694 495 855 554 numquam
868 477 925 535 sint
939 475 976 537 ab
991 478 1173 540 Academicis
1186 483 1311 563 Peripa·

280 577 429 652 teticisque
440 570 578 632 adhibita.
592 576 634 630 Ea
648 591 716 631 sane
730 574 867 643 Lucullo,
881 575 1054 635 Antiochum
1063 581 1253 653 consectanti,
1266 581 1313 640 de·

279 670 423 734 sendenda
433 689 494 730 csse
504 682 537 728 ut
547 667 669 747 patriam
681 691 689 725 t
700 669 792 747 ipsius
805 669 878 729 nihil
888 671 971 730 valde
980 673 1105 745 referre,
1121 676 1224 748 5135,
1242 679 1312 744 136,

284 769 392 844 137.Si
407 779 503 826 autem
517 764 554 823 de
565 763 630 842 ipso
644 764 759 823 solliciti
772 765 849 836 sint,
866 786 918 840 ne,
928 767 1008 846 quod
1019 769 1128 838 nolint,
1142 770 1181 830 ad
1198 772 1314 852 opinio

278 887 344 929 nem
360 862 547 945 prolabatur,
573 881 632 919 non
647 863 770 940 'cognito
789 863 963 934 assentiens,
986 866 1062 926 velle
1077 887 1108 926 se
1121 887 1173 926 eos
1189 868 1248 928 sibi
1265 891 1314 930 au-

280 978 392 1034 ctores,
414 977 569 1040 quamnam
587 979 624 1018 cx
642 957 735 1018 tribus
751 959 808 1020 illis
826 961 894 1020 solis
913 962 1076 1033 sententiis,
1099 985 1173 1042 quas
1192 966 1312 1026 defendi

280 1080 365 1142 posse
383 1059 420 1118 de
439 1055 546 1116 linibus
564 1054 711 1116 bonorum
725 1056 905 1137 Chrysippus
921 1059 1017 1132 dicat,
1034 1073 1191 1139 sequatur,
1218 1064 1312 1124 houe-

281 1171 399 1232 statcm‚
420 1175 460 1223 ,an
479 1155 681 1233 voluptatem,
693 1175 729 1214 an
751 1160 927 1235 utrumque?
947 1157 1106 1218 Dissentire
1128 1177 1159 1217 se
1179 1160 1313 1239 quidem,

279 1270 309 1316 et
323 1274 398 1332 tegre
414 1253 618 1312 aPolemoueo
636 1271 748 1311 summo
762 1251 857 1326 bono,
869 1253 948 1332 quod
963 1252 1041 1314 idem
1053 1255 1312 1334 Peripateticorum

281 1368 310 1414 et
325 1350 464 1414 Antiochi
476 1350 530 1418 sit,
554 1347 683 1409 abstrahi
700 1373 707 1408 :
727 1350 778 1410 sed
790 1351 880 1412 altera
899 1365 984 1431 parte
1000 1353 1115 1414 allicere
1132 1357 1313 1434 voluptatem

281 1449 445 1533 (Aristippi
461 1447 638 1526 Epicurique
654 1449 741 1508 linem
751 1447 782 1528 l,
806 1450 896 1508 altera
917 1450 1066 1510 retrahere
1082 1451 1221 1512 virtutem
1241 1459 1314 1528 (Ze-

279 1548 363 1610 nonis
379 1543 485 1625 finem)
506 1542 543 1603 ad
569 1563 646 1617 sese3
668 1558 698 1604 et
715 1565 806 1623 quum
820 1558 973 1625 utramque
984 1547 1073 1620 velit,
1098 1549 1314 1629 Calliphontem

276 1667 344 1708 cum
358 1642 506 1705 Carneade
521 1655 673 1720 sequutus,
688 1642 837 1701 adversari
847 1643 939 1722 ipsam
951 1657 1059 1703 rectam
1073 1645 1235 1721 rationem,
1248 1669 1314 1726 que

276 1743 424 1804 hominem
435 1759 502 1800 eum
512 1738 609 1798 bellua
618 1737 703 1816 jungi
716 1739 799 1798 nolit.
814 1744 912 1799 Ruere
924 1739 1011 1799 etiam
1025 1759 1142 1800 omnem
1156 1742 1314 1818 virtutem,

276 1843 332 1901 nisi
345 1861 379 1900 ea
390 1841 428 1900 sit
442 1837 575 1918 gratuita
588 1840 697 1896 Contra
707 1855 778 1895 vero
789 1837 919 1896 omnium
931 1835 1078 1898 bonorum
1085 1840 1197 1899 sontem
1207 1842 1240 1900 in
1249 1863 1311 1902 cor·

276 1959 347 2019 pore
361 1937 435 2008 dici;
448 1955 569 2014 eamque
580 1935 710 2014 regulam
723 1954 785 1994 esse
799 1948 909 1994 nature
924 1957 931 1993 :
948 1949 980 1995 ut
993 1938 1045 2016 qui
1057 1957 1140 1997 secus
1153 1941 1309 2012 statuerit,

276 2035 304 2096 ei
316 2034 388 2092 nihil
405 2034 485 2103 sore,
501 2031 580 2110 quod
595 2033 626 2091 in
639 2033 700 2090 vita
715 2043 894 2110 sequeretur.
908 2034 945 2092 Se
954 2033 1103 2094 hominem
1116 2054 1180 2094 csse
1189 2077 1198 2110 ,
1208 2035 1315 2114 hisque

276 2131 400 2202 moveri3
415 2149 470 2188 nec
486 2129 570 2188 aliter
579 2128 741 2188 Lucullum.
757 2131 822 2188 Hoc
836 2127 925 2188 modo
944 2131 1098 2205 interesse,
1111 2131 1207 2206 hunc,
1222 2153 1313 2212 quum

276 2229 314 2289 sit
323 2240 493 2298 commotus,
506 2226 687 2304 acquiescere
696 2238 727 2284 et
735 2239 797 2284 tum
805 2225 950 2299 assentiri,
962 2226 1064 2306 idque,
1074 2228 1120 2286 cui
1130 2230 1316 2302 assentiatur,

274 2325 305 2384 in
320 2322 464 2404 perceptis
477 2341 587 2401 ponere
601 2345 609 2381 :
624 2343 671 2396 se,
698 2321 722 2380 si
735 2321 926 2392 msendatur,
950 2323 1082 2383 assentiri
1103 2325 1176 2384 falso
1189 2341 1314 2405 putare3

275 2441 365 2502 quum
382 2439 519 2479 verume
539 2420 613 2479 falso
633 2419 792 2478 internosci
815 2431 957 2498 nequeat,
980 2439 1075 2498 neque
1096 2421 1259 2502 quidquem
1276 2426 1314 2485 ad

274 2541 376 2584 verum
389 2518 547 2580 ridendum
560 2517 711 2577 dialectica
724 2517 837 2590 valcat,
852 2523 868 2590 ς
884 2519 1025 2588 rso-141.

312 2625 357 2678 De
367 2617 423 2676 hnc
436 2617 520 2676 tertia
537 2614 731 2695 philosophia
742 2628 827 2694 parte
841 2615 921 2674 eliud
932 2615 1075 2693 judicium
1090 2637 1153 2677 esse
1166 2624 1314 2697 Protago-

275 2739 331 2791 rae,
357 2714 435 2774 aliud
452 2713 694 2791 Cyrenaicorum,
721 2713 860 2790 Epicuri,
886 2713 1016 2772 Platonis
1030 2737 1038 2772 :
1050 2735 1176 2793 quorum
1197 2717 1313 2777 nullum

273 2810 419 2873 Antiocho
432 2808 583 2888 probetur.
594 2813 724 2868 Huncne
734 2828 784 2867 eos
796 2809 915 2887 quidem
925 2811 1026 2888 sequi,
1038 2831 1164 2890 quorum
1176 2815 1314 2892 partibus

274 2906 457 2970 annumerari
476 2906 547 2964 velit
564 2905 742 2986 :Chrysippi
761 2925 827 2964 eum
843 2926 976 2986 premere
992 2908 1111 2986 vestigia
1127 2911 1225 2970 unice.
1243 2917 1312 2972 Non

271 3007 361 3084 igitur
371 3021 421 3060 eos
428 3001 590 3078 sequendos
599 3021 680 3074 esse,
695 3001 746 3079 qui
756 3002 871 3061 interse
885 3000 1053 3062 dissideant.
1067 3005 1150 3064 Neiu
1160 3007 1313 3068 elementis

274 3099 392 3181 quidem
414 3097 580 3158 dialecticos
602 3099 784 3170 consentire,
802 3104 817 3170 s
838 3091 909 3169 ila,
935 3101 1000 3170 143.
1019 3099 1100 3160 Nihil
1118 3102 1210 3181 igitur
1229 3124 1313 3188 esse,

273 3217 363 3278 quare
383 3195 477 3274 ipsum
490 3195 628 3254 Lucullus
647 3197 677 3253 in
691 3195 829 3254 invidiam
844 3195 982 3268 adducat,
1002 3209 1032 3256 et
1046 3198 1093 3257 vel
1108 3199 1193 3276 ipse,
1213 3214 1250 3260 ut
1264 3223 1313 3262 se-

240 3363 244 3374 ,
271 3294 394 3354 diticsus
403 3291 552 3365 tribunus,
566 3292 715 3352 concionis
730 3291 845 3352 turbam
854 3293 886 3350 in
895 3313 926 3352 se
935 3293 1037 3352 incitet
1050 3316 1057 3352 :
1072 3315 1138 3373 quae
1150 3296 1215 3355 rice
1224 3318 1312 3360 versa

269 3391 301 3450 in
316 3391 386 3448 istos
400 3387 483 3446 facile
495 3388 635 3447 concitari
651 3389 761 3466 possit,
788 3390 813 3448 si
830 3373 990 3462 doceatur,
1011 3389 1049 3449 ab
1065 3391 1100 3450 iis
1118 3411 1239 3469 omnes,
1256 3397 1309 3475 qui

269 3483 402 3546 concioni
423 3484 573 3558 intersint,
594 3485 725 3558 exsules,
747 3503 864 3559 servos,
879 3486 1013 3560 manos,
1033 3487 1132 3548 verbis
1146 3509 1216 3550 rere
1235 3493 1312 3552 inri-

270 3583 359 3642 diosis
366 3626 374 3656 ,
391 3580 546 3660 appellari3
562 3601 658 3660 neque
666 3582 722 3640 hos
733 3581 892 3661 quidquam
903 3583 993 3658 scire,
1005 3605 1096 3663 quum
1106 3588 1185 3646 solus
1191 3590 1311 3668 sapiens
1364 3582 1368 3600 '

272 3681 345 3740 scire
362 3678 652 3756 dicatur.'1dqueita
666 3699 741 3751 esse,
760 3693 843 3757 gestu
855 3685 1001 3740 Zenonem
1020 3686 1199 3763 exposuisse.
1217 3688 1311 3759 Quod

270 3779 294 3838 si
311 3776 365 3846 sit,
383 3775 546 3848 neminem,
560 3775 616 3834 nisi
630 3776 809 3854 sapientem,
828 3795 898 3835 num
918 3777 969 3838 lux
984 3778 1020 3837 sit
1029 3822 1038 3852 ,
1055 3779 1085 3838 iu
1104 3782 1167 3860 ipsa
1183 3783 1310 3842 meridie

268 3877 351 3938 scire.
368 3877 453 3942 Hac,
475 3892 649 3951 quamquam
665 3875 724 3933 sint
735 3873 830 3932 minus
845 3875 991 3953 eleganter
1004 3889 1034 3936 et
1047 3877 1192 3938 subtiliter
1207 3880 1309 3952 dicta,

268 3987 363 4032 tamen
376 3989 459 4048 eque
477 3967 761 4030 invidiosaesse.1ta
775 3991 806 4029 se
824 3971 884 4042 illi,
911 3991 967 4050 pro
986 3992 1039 4044 eo,
1065 3975 1164 4052 quod,
1192 3978 1251 4036 nisi
1269 3980 1307 4037 sit

266 4077 424 4148 „flfffipm
449 4064 569 4124 artificia
587 4085 648 4123 esse
674 4067 753 4126 nulla
778 4068 907 4144 possint,
943 4088 1100 4148 reponere,
1128 4086 1221 4132 artem
1244 4077 1309 4135 sine
