2762 4682
244 351 292 447 uls
617 345 951 424 INTRODUCTIO.

246 477 471 558 doctissimus,
484 473 687 540 Antiochum
701 474 802 564 magis
815 475 991 563 probabat,
1008 484 1048 539 ut
1065 489 1099 540 et
1111 474 1225 541 Cicero
1241 477 1329 542 Var-

244 584 319 648 roni
331 583 394 671 ipsi
405 581 532 670 scripsit
549 579 615 668 (1),
632 595 666 644 et
679 601 718 644 ex
731 579 771 644 iis
787 603 860 669 quoe
873 603 913 646 ex
924 579 1073 660 ejusdem
1089 581 1174 648 bbro
1189 583 1231 647 de
1246 583 1330 648 Phi-

246 691 388 779 losophiu
403 690 441 754 D.
455 689 657 778 Augustinus
679 686 792 768 effert,
814 687 983 753 manifeste
1008 689 1216 777 comperitur.
1237 691 1329 756 Ecce

186 865 188 876 ,
245 799 333 862 euim
346 796 530 860 universam
543 793 696 858 Antiochi
706 793 868 860 rationem
881 818 920 859 ex
933 793 1088 859 Varronis
1102 797 1265 860 sententia
1281 798 1326 862 ab

245 902 429 993 Augustino
457 898 649 988 descriptam
673 923 682 964 t
704 897 855 988 Namque
879 899 928 964 sic
946 899 991 964 ait
1016 898 1065 987 (a)
1086 920 1095 965 s
1115 901 1327 984 uQuomodo

245 1010 348 1080 Varro
364 1009 399 1082 in
415 1031 456 1072 eo
473 1007 557 1072 libro
575 1004 694 1095 [quem
711 1005 753 1071 de
769 1005 981 1095 Philosophia
998 1005 1167 1096 scripsit],
1184 1029 1328 1072 enume-

245 1116 321 1180 ratis
345 1137 383 1180 ac
401 1112 578 1178 couhttutis
604 1111 719 1177 ceteris
744 1112 895 1178 omnium
920 1109 1197 1200 Philosophorum
1225 1113 1328 1178 sectis

245 1243 345 1286 unam
362 1218 475 1309 eligat,
490 1240 588 1305 quam
601 1218 672 1282 vult
688 1239 758 1282 esse
769 1216 1042 1283 Academicorum
1053 1233 1218 1300 veterum,
1237 1241 1328 1307 quos

243 1349 262 1390 a
278 1323 713 1410 Platoneinstitutosnsque
727 1321 768 1386 ad
781 1321 1011 1405 Polemonem,
1026 1323 1083 1410 qui
1099 1322 1141 1387 ab
1153 1323 1210 1387 illo
1225 1346 1328 1412 quar·

244 1448 297 1497 tus
314 1433 382 1513 ejus
399 1430 544 1495 scholam
561 1429 685 1509 tenuit,
700 1450 773 1515 quae
788 1427 963 1494 Academia
976 1427 1062 1494 dicta
1079 1444 1148 1513 est,
1166 1427 1328 1494 habuisse

245 1553 331 1603 certa
346 1535 499 1626 dogmata
516 1534 587 1600 vult
602 1534 721 1617 videri;
737 1550 770 1599 et
790 1535 834 1600 ob
854 1535 919 1600 hoc
944 1535 1116 1626 distinguit
1138 1535 1180 1600 sb
1196 1535 1327 1602 Ausde-

245 1643 336 1734 micis
353 1643 463 1727 novis,
480 1642 601 1732 quibus
619 1643 743 1706 incerta
758 1657 836 1707 sunt
853 1641 981 1723 omnis,
998 1639 1090 1731 quod
1105 1641 1327 1731 philosophias

246 1773 349 1841 genus
375 1751 417 1816 ab
442 1751 584 1817 Arcesila
607 1749 705 1839 coepit
730 1771 917 1816 successore
942 1747 1153 1833 Polemonis3
1183 1772 1328 1839 eumque

245 1874 384 1941 sectum,
408 1856 442 1923 id
458 1873 522 1939 est,
536 1873 686 1922 veterum
708 1855 992 1938 Academicorum,
1010 1857 1095 1920 sicut
1115 1854 1328 1920 dubitatione

245 1964 289 2028 ita
305 1985 414 2028 errore
432 1963 524 2028 omui
545 1984 654 2028 cerere
671 1961 846 2026 arbitretur
864 1959 1030 2050 [Varro],
1045 1962 1182 2052 longum
1197 1978 1248 2026 est
1263 1985 1328 2051 per

245 2069 355 2134 omnia
367 2067 608 2149 demonstrare,
627 2083 713 2132 etc.»

288 2179 348 2265 74:
357 2175 400 2239 Et
414 2175 483 2240 haec
499 2173 631 2263 quidem
663 2175 809 2263 symbola
825 2175 940 2240 collata
958 2198 976 2238 a
993 2173 1090 2240 uobis
1106 2192 1176 2240 esto
1189 2177 1327 2240 iudea·

243 2282 435 2346 demmamcm
445 2281 491 2346 M.
510 2280 611 2345 Tullii
627 2279 844 2368 Quaestionum
856 2280 1108 2347 elucidationem
1127 2306 1135 2346 :
1153 2304 1228 2370 qum
1245 2284 1327 2371 qui·

243 2389 320 2454 dem
333 2389 361 2454 si
375 2387 416 2452 ad
431 2411 492 2453 uos
510 2387 644 2477 integras
660 2388 902 2475 pervenissent,
925 2389 1014 2453 nulla
1029 2411 1048 2452 a
1064 2387 1160 2454 nobis
1176 2389 1252 2453 luce
1265 2387 1324 2452 in·

244 2493 403 2584 digerunt.
425 2493 618 2560 Absoluerat
633 2494 720 2560 enim
736 2494 865 2576 Cicero,
877 2510 916 2559 ut
927 2495 996 2583 ipse
1009 2495 1118 2559 Attico
1130 2494 1245 2560 scribit
1256 2494 1326 2583 (3),

243 2602 469 2668 Academicum
485 2603 817 2691 omnemquoestmnem
828 2601 917 2666 libris
931 2616 1082 2690 quatuor,
1108 2607 1154 2666 itu
1171 2619 1327 2668 accurate

244 2709 415 2798 (namque
427 2703 472 2773 sic
491 2705 577 2795 ait),
594 2719 632 2770 ut
648 2706 732 2770 nihil
739 2721 851 2796 posset
868 2729 973 2796 supra.
991 2707 1031 2771 In
1053 2707 1112 2789 iis,
1129 2729 1202 2795 qum
1224 2725 1326 2772 erunt

244 2829 358 2878 contra
371 2823 543 2895 ἀκαταληψίαν
569 2813 720 2902 proeclare
743 2814 877 2878 collecta
906 2813 947 2877 ab
971 2813 1154 2895 Antiocho,
1179 2815 1324 2879 Varroni

244 2918 400 3002 dederat3
422 2913 464 2982 ad
486 2939 523 2981 ea
547 2918 617 3008 ipse
641 2917 883 3008 respondebat,
907 2918 1055 2984 Philonis
1077 2935 1184 3008 portes
1207 2941 1323 3009 agens.

241 3026 373 3091 Tertius
399 3025 433 3087 iu
453 3045 605 3089 sermone
623 3041 691 3088 erat
707 3026 843 3090 Atticus.
860 3028 978 3113 Atquae
996 3024 1046 3089 hae
1066 3023 1199 3114 quidem
1215 3025 1251 3088 in
1269 3048 1325 3090 se·

242 3131 349 3197 cunda
362 3129 506 3195 editione
521 3129 653 3194 illorum
670 3129 830 3216 librorum
847 3129 944 3218 (duas
955 3129 1042 3195 enisu
1055 3129 1154 3218 fecit)
1168 3152 1323 3219 personae

242 3241 371 3304 fueraut
389 3237 569 3326 :inpriore
584 3237 636 3301 alii
653 3237 932 3326 colloquebantur.
949 3237 988 3302 ld
1004 3260 1105 3327 quare
1124 3240 1320 3323 mutaverit,

243 3345 351 3410 Attico
368 3341 464 3406 etiam
482 3342 603 3407 indicet
617 3341 676 3430 (l).
693 3344 725 3407 Is
740 3343 821 3408 liber
840 3343 1110 3410 Academicorum
1130 3343 1179 3407 ad
1195 3345 1323 3409 Varro·

242 3475 331 3532 uem,
347 3449 403 3537 qui
423 3470 483 3512 nec
499 3449 625 3538 integer
642 3464 759 3530 restat,
775 3449 926 3514 secundm
947 3448 1098 3515 editionis
1114 3451 1241 3540 primus
1259 3452 1322 3516 ha·

241 3555 363 3621 betur:
390 3552 543 3618 Lucullus
561 3555 679 3643 prioris
701 3553 851 3620 editionis
875 3571 942 3638 est,
963 3557 997 3620 iu
1021 3579 1086 3645 qua
1112 3557 1220 3646 quarti
1244 3558 1322 3624 libri

241 3663 353 3727 locum
368 3659 515 3741 tenebat,
529 3661 577 3723 uti
590 3659 681 3724 exiis
696 3682 769 3748 quae
784 3683 823 3726 ex
837 3661 893 3727 illo
909 3660 1064 3750 producit
1075 3653 1202 3727 Nonius
1215 3711 1225 3747 ,
1239 3687 1323 3731 cou-

277 3836 318 3908 (r)
334 3839 388 3889 Lib.
400 3839 480 3900 ΧΙΠ,
493 3839 566 3904 epist.
581 3855 621 3889 ra.

275 3927 315 3996 (s)
333 3929 373 3977 De
387 3925 462 3978 Civit.
473 3926 536 3986 Dei,
549 3925 593 3976 lib.
603 3929 676 3986 xm,
690 3943 744 3995 cap.
757 3943 780 3989 ι,
794 3943 850 3996 pag.
866 3935 927 3991 tto,
938 3929 967 3989 b,
981 3939 1043 3979 tom.
1054 3931 1112 3980 vlt.

137 4001 140 4010 ’
229 4033 230 4038 ,
274 4017 315 4083 (3)
333 4017 391 4064 us.
404 4017 485 4075 xm,
499 4015 572 4080 epus.
587 4029 626 4078 19.

273 4107 312 4175 (s)
330 4105 413 4170 Epist.
424 4102 456 4151 ad
471 4103 548 4152 Attio.
561 4102 606 4153 lib.
621 4103 844 4170 x111‚eptu.1s,
861 4105 905 4162 13,
922 4105 966 4166 ss,
988 4119 1030 4168 ¹9·
