2770 4688
460 343 733 453 ranrlrro.
1064 383 1124 476 xiij
1224 439 1232 452 .

118 503 174 574 llis
188 499 334 572 auxiliis
351 498 514 574 addenda
533 519 636 575 sunt:

122 628 155 686 1⁰
167 615 289 686 Editio
309 640 418 712 quam
432 617 509 716 ipse
526 619 793 690 Hiilsemannus
815 621 972 706 curavit,
992 617 1063 688 boc
1081 619 1126 688 ti·

74 729 161 801 tulo:
177 760 195 796 α
205 734 256 802 Μ.
264 731 303 799 Τ.
319 731 500 804 Ciceronis
514 732 741 822 Academica,
755 755 819 805 seu
832 731 1127 804 Academicorum

73 858 227 916 veterum
245 843 506 942 disputationes
526 846 571 920 de
591 861 717 920 natura
731 861 768 918 et
783 847 935 943 imperio
952 848 1126 944 cognitio-

75 959 125 1030 nis
147 957 326 1030 bumanae.
353 959 549 1042 Emendate
576 961 621 1032 ad
647 961 868 1060 optimorum
892 974 929 1033 et
949 961 1130 1059 exempla·

75 1075 180 1161 rium,
206 1088 245 1144 et
268 1059 475 1162 criticorum
503 1073 634 1164 fidem,
659 1099 847 1172 nexusque
869 1075 1041 1147 orationis
1063 1099 1129 1146 au·

76 1189 288 1276 ctoritatem3
307 1213 349 1261 ac
377 1213 498 1261 rernm
526 1192 689 1290 inprimis
716 1191 854 1261 ratione
880 1188 1025 1275 habita,
1048 1188 1128 1260 illu·

77 1315 191 1390 strata,
204 1301 326 1374 studio
340 1304 508 1378 Frideriei
518 1305 752 1392 Hiilsemann‚
766 1304 898 1403 philos.
912 1303 1128 1388 doctican-

76 1417 129 1487 nei
147 1416 287 1488 Luneb.
306 1432 394 1489 rect.
414 1443 492 1490 soc.
516 1425 591 1490 Lat.
618 1423 691 1492 Ien.
718 1417 794 1490 sod.
823 1417 1079 1518 Magdaburgi‚
1108 1443 1128 1489 e

77 1527 283 1630 bibliopolio
294 1532 476 1623 Aciliano,
491 1557 648 1606 mncccvr
658 1565 686 1604 ».

119 1644 156 1714 2⁰
174 1647 358 1717 Goerenzii
385 1645 514 1735 editio,
547 1646 617 1718 boc
651 1647 778 1718 titulo:
801 1651 874 1718 «Μ.
887 1651 925 1717 Τ.
946 1646 1130 1718 Ciceronis

77 1759 361 1832 Academicorum
383 1760 467 1832 libri
482 1767 525 1832 II.
539 1766 590 1833 Ex
608 1764 748 1860 scriptis
764 1786 890 1833 recens
905 1761 1041 1832 collatis
1053 1760 1131 1834 edi·

78 1873 185 1970 tisque
205 1873 308 1946 libris
331 1877 534 1973 castigatius
555 1889 593 1946 et
609 1877 818 1974 explicatius
837 1873 949 1946 edidit
967 1867 1020 1945 lo.
1039 1878 1128 1970 Aug.

78 1990 236 2060 Goerenz.
251 1991 399 2086 Lipsiae,
418 2009 611 2077 crarocccx,
624 1990 662 2059 in
680 1987 1093 2061 librariaWeidmannia.
1103 2019 1120 2054 »

122 2100 160 2170 3⁰
180 2101 312 2172 Christ.
333 2100 484 2174 Godofr.
502 2102 660 2175 Scbiitzii
681 2101 790 2174 editio
815 2101 1011 2202 generalis,
1031 2104 1129 2200 Lips.
1186 2174 1189 2178 .

82 2214 185 2302 1816,
201 2231 289 2287 tom.
313 2220 411 2288 XIII.

120 2329 294 2416 I⁰Versio
316 2357 336 2402 a
353 2335 447 2403 leun
465 2331 662 2404 Salvemini
678 2332 724 2404 de
738 2333 927 2420 Castillou,
947 2355 1004 2403 an.
1023 2355 1132 2428 1779,

76 2443 225 2514 Berolini
258 2444 354 2516 edita
385 2446 536 2542 (iterum
562 2470 710 2535 recusa,
732 2449 839 2518 Paris.
860 2445 994 2543 1796),
1020 2467 1129 2541 quam

77 2555 145 2628 lere
161 2559 316 2630 servavit
328 2563 358 2629 l.
371 2563 414 2631 V.
430 2562 580 2631 ‘Leuktra
705 2621 707 2626 .

5 2687 6 2700 ¹
121 2670 158 2743 5ο
170 2678 299 2745 Versio
316 2698 336 2744 a
354 2679 384 2745 J.
395 2679 431 2745 B.
444 2679 574 2761 Leues,
593 2676 629 2745 in
643 2675 801 2772 generali
815 2673 899 2746 edit.
916 2688 952 2746 et
967 2672 1131 2744 versione

76 2785 205 2860 librarii
226 2792 410 2876 Fournier,
428 2803 515 2860 tom.
533 2793 629 2860 XXI.
676 2787 677 2791 ’

118 2901 158 2972 6⁰
176 2907 205 2978 J.
219 2907 261 2973 V.
275 2905 419 2974 Leclerc
434 2903 608 3000 generalis
626 2903 737 2974 editio
756 2916 792 2974 et
810 2907 935 2974 versio.

117 3017 172 3089 Ad
203 3017 298 3089 banc
324 3032 485 3093 nostram
510 3017 770 3090 conficiendam
795 3017 1010 3106 editionem,
1028 3015 1134 3112 plura
1181 3086 1183 3093 ,

74 3133 235 3203 inunum
251 3133 511 3220 contraximus,
526 3147 564 3203 et
577 3156 635 3204 eas
650 3130 730 3202 edd.
745 3131 967 3229 praetulimus
978 3153 1133 3226 quarum

76 3261 236 3320 auctores
271 3247 501 3344 superiorum
530 3246 711 3318 editorum
736 3269 883 3343 operam
920 3245 993 3339 jam
1032 3245 1133 3315 lucro

76 3375 325 3460 apposuerant.
341 3348 468 3458 Itaque
481 3363 520 3431 in
535 3376 657 3450 textu,
674 3373 872 3432 nostratem
883 3363 912 3431 J.
920 3364 962 3432 V.
972 3358 1131 3444 Laetera,

8 3559 9 3566 ¹
76 3481 135 3572 qui
159 3478 237 3574 ipse
264 3477 446 3548 Goerenzii
466 3488 604 3546 textum
631 3472 705 3545 fere
728 3471 867 3570 ubique
886 3474 1054 3560 serravit,
1078 3497 1133 3546 se·

75 3593 175 3686 qunti
195 3613 341 3676 sumum
358 3593 396 3660 in
416 3591 512 3661 notis
530 3591 677 3676 criticis,
700 3592 932 3660 Goerenzium
959 3589 1133 3675 maxime,

76 3709 133 3800 qui
150 3731 280 3777 omnes
296 3705 488 3803 impeditos
506 3705 605 3776 locos
622 3703 856 3776 subtilissimo
873 3717 911 3773 et
926 3702 1133 3774 doctissimo

75 3817 212 3918 ingenio
230 3820 395 3890 tractavit
415 3833 451 3889 et
475 3814 625 3890 feliciter
654 3841 747 3915 saepe
768 3818 942 3902 correxit,
968 3819 1132 3914 quamvis

76 3931 109 4004 in
131 3931 390 4006 minutioribus
411 3931 519 4004 rebus
542 3933 647 4003 nimis
663 3931 799 4005 haerere
819 3929 926 4003 nobis
947 3931 1129 4020 videatur;

77 4049 110 4118 in
134 4051 230 4120 notis
254 4072 346 4120 vero
370 4046 580 4144 exegeticis,
605 4043 738 4143 quibus
757 4069 850 4143 saepe
868 4045 1012 4117 carebat
1027 4070 1136 4143 supra

75 4177 288 4238 memoratus
315 4161 456 4250 editor,
474 4161 757 4236 Hiilscm'annum
776 4161 941 4258 inprimis
965 4159 1135 4234 adhibui·
