2762 4656
302 407 547 491 Acaunum.
574 424 609 508 t,
634 423 766 493 ntnnn
791 429 846 511 11,
878 449 930 522 ¹7·
1062 427 1132 525 309

62 537 220 638 aliquid,
239 537 339 634 quod
360 541 514 627 nonsit,
534 540 571 612 id
589 540 702 614 videri
722 544 851 636 sibi¹⁰;
870 561 927 634 et,
943 572 1057 646 quum
1074 573 1131 620 re-

64 645 250 736 laxentur,
272 651 444 734 sentiant,
469 665 579 748 atque
606 652 665 724 illa
687 654 827 745 dicant,
851 658 1130 730 Aicmaeonis¹¹2

122 835 183 894 Sed
195 836 268 894 mihi
280 838 448 917 neutiquam
461 859 513 897 cor
526 843 670 902 consentit
686 864 751 908 cum
767 847 919 906 oculorum
935 847 1085 934 adspectu.

63 1035 109 1105 At
130 1034 230 1104 enim
253 1034 330 1131 ipse
355 1039 498 1134 sapiens
516 1041 669 1114 sustinet
688 1051 770 1120 sen
792 1045 829 1112 iu
847 1039 990 1130 furore,
1008 1066 1053 1113 ne
1068 1066 1133 1140 ap·
1153 1048 1187 1104 ⁵3

63 1139 197 1236 probet
214 1139 302 1214 falsa
317 1167 387 1241 pro
405 1148 507 1218 veris.
526 1153 571 1218 Et
589 1150 673 1221 alias
691 1151 838 1247 quidem
851 1148 881 1196 ¹³
899 1176 1011 1250 saepe,
1027 1155 1057 1223 si
1072 1167 1136 1224 aut

63 1251 100 1318 in
127 1250 293 1322 sensibus
317 1255 428 1351 ipsius
453 1271 508 1327 est
529 1257 649 1355 aliqua
672 1258 766 1332 forte
784 1265 957 1357 gravitas,
979 1276 1041 1332 aut
1065 1276 1135 1333 tar·

64 1356 177 1446 ditas,
195 1374 259 1430 aut
275 1361 484 1435 obscuriora
501 1373 627 1438 sunt¹4
644 1394 726 1468 quae
741 1370 926 1460 videntur,
939 1386 1001 1442 aut
1021 1395 1135 1478 aper·

63 1469 255 1566 spiciendo
277 1476 450 1572 temporis
473 1475 648 1553 brevitate
670 1479 885 1562 excluditur.
904 1484 1135 1579 Quamquam

64 1593 186 1650 totum
207 1580 299 1670 hoc,
321 1586 519 1681 sapientem
544 1589 739 1687 aliquando
763 1594 940 1662 sustinere
959 1593 1134 1664 assensio·

65 1719 170 1780 nem,
193 1711 318 1768 contra
343 1725 406 1772 vos
431 1718 495 1772 est.
522 1706 558 1774 si
581 1706 677 1775 enim
703 1707 799 1776 inter
822 1707 896 1777 visa
914 1707 1004 1776 nihil
1023 1707 1135 1777 inter·

65 1818 177 1894 esset,
205 1823 268 1878 aut
288 1833 430 1908 semper
446 1814 657 1902 sustineret,
680 1830 744 1888 aut
764 1841 976 1913 numquam.
1000 1816 1071 1887 Sed
1091 1841 1136 1892 ex

64 1912 135 1986 hoc
169 1939 304 2013 genere
340 1934 418 1991 toto
458 1927 613 2022 perspici
649 1939 771 2025 potest
802 1926 926 1997 levitas
962 1929 1136 1998 orationis

66 2025 250 2117 eorum¹⁵,
272 2033 337 2126 qui
360 2035 482 2104 omnia
504 2035 659 2132 cupiunt
680 2032 922 2108 confundere:
940 2042 1135 2133 quaerimus

103 2291 144 2324 to.
158 2274 288 2340 Aliquid...
303 2273 332 2323 id
342 2275 425 2324 videri
436 2275 488 2326 sibi.
501 2277 579 2340 Ejeeit
622 2277 921 2344 Philoil.11,P.1,peg.
942 2294 989 2326 roa
1000 2276 1011 2344 )
1023 2279 1077 2327 brec
1094 2277 1133 2327 di·

66 2354 150 2403 lamb.
169 2352 213 2412 id,
231 2354 354 2417 probante
371 2355 471 2405 nauto.
490 2357 538 2405 Sed
553 2358 581 2406 id
622 2359 704 2406 verbis
714 2358 856 2423 excipiunt3
872 2373 976 2423 quasque
993 2357 1078 2406 multis
1088 2358 1132 2406 ed·

65 2451 122 2482 eum
137 2434 162 2482 ri
175 2433 257 2498 eliqua
271 2432 380 2496 additum
394 2435 426 2484 cf.
440 2434 579 2498 0fs.1,10‚
622 2437 671 2485 buc
680 2437 1057 2502 locieiuenetoredietinguends
1067 2448 1133 2485 tunt.

66 2515 89 2562 3.
102 2515 136 2562 Et
148 2513 186 2560 sic
198 2511 281 2560 multis
294 2513 362 2560 locis.
376 2515 408 2561 G.
622 2517 662 2564 Sic
669 2533 720 2565 r.c.
732 2518 776 2564 Or.
789 2515 1133 2576 50,168.G.—VertitCasti1-

102 2607 144 2640 rr.
162 2591 319 2640 Alcmeonis
328 2590 423 2640 Wetrel
434 2591 527 2642 dudum
539 2609 579 2641 er·
622 2593 662 2642 Iorr
672 2611 682 2642 .·
692 2615 706 2636 ι
714 2595 774 2642 meis
786 2594 810 2642 le
823 2611 896 2660 sege,
912 2593 1032 2643 duranti·
1042 2594 1133 2654 fureur,

64 2687 145 2724 rorem
169 2673 266 2726 Ernesti
286 2673 405 2732 correxit,
424 2688 475 2737 quo
491 2672 532 2721 hic
550 2675 577 2721 in
621 2673 729 2738 suspend
740 2689 786 2722 son
796 2672 995 2738 jugement,efin
1008 2670 1078 2720 dene
1088 2686 1132 2735 pse

64 2753 149 2814 ctare,
160 2753 209 2801 boc
220 2752 266 2804 tub
278 2753 386 2810 nomine,
397 2753 577 2818 Pythagoreum
621 2753 738 2803 edmettre
755 2753 779 2802 le
794 2755 853 2802 saux
869 2769 932 2820 pour
948 2753 972 2800 ie
990 2752 1061 2800 vrci:
1078 2766 1133 2798 sens

64 2834 135 2882 illum
148 2833 309 2895 intellexenq
318 2835 360 2897 qui
372 2834 422 2882 huc
435 2833 507 2899 plane
517 2834 579 2882 nihil
622 2833 709 2893 doute;
723 2849 817 2882 comme
835 2835 853 2881 il
866 2834 889 2882 le
901 2831 1009 2898 suspend
1027 2841 1134 2880 convent

64 2914 181 2979 pertinet.
199 2913 272 2960 Ennii
290 2912 394 2960 nontam
407 2913 577 2980 cognominem
622 2913 683 2968 dens
695 2913 800 2962 d'autres
813 2915 948 2972 occasions,
958 2923 1007 2962 etc.
1018 2935 1031 2955 ι

64 2993 155 3050 notari,
168 2991 374 3041 testeturNouiue
386 2991 419 3040 sd
434 3008 458 3045 r.
467 2991 578 3053 Iamdiu,
661 2999 703 3049 14.
716 2995 767 3044 Aut
784 2993 926 3042 obscuriora
943 3003 1008 3040 suut.
1022 2989 1132 3040 tembtn.

64 3071 109 3120 ubi
128 3071 183 3137 ipsa
199 3069 321 3119 laudetur.
335 3071 418 3134 Quid?
428 3072 515 3119 Cicero
527 3073 580 3136 ipse
623 3081 680 3138 poet
688 3081 740 3128 aut,
753 3072 775 3120 si
782 3070 840 3119 eddi
851 3071 920 3136 cupit
930 3085 938 3120 t
949 3069 992 3118 sed
1001 3079 1056 3117 ante
1068 3081 1132 3134 pert.

64 3151 176 3199 eamdem
190 3148 341 3198 leudatFin.
354 3151 398 3208 IV,
413 3151 461 3209 23,
475 3150 519 3200 62.
537 3153 579 3198 Fe·
623 3161 669 3200 aut
691 3150 743 3213 nil,
763 3150 810 3198 nisi
835 3150 892 3198 colo
910 3146 1131 3214 interpungendum

64 3243 118 3279 stus
126 3230 197 3281 hunc
210 3244 307 3282 versum
317 3228 443 3280 excitatio
454 3245 480 3276 r.
492 3226 580 3278 Neuti·
624 3238 687 3290 eret,
705 3228 774 3293 qnod
793 3228 901 3277 fecimus
914 3229 983 3293 Seps
997 3229 1033 3276 sic
1046 3238 1134 3276 auctor

65 3325 143 3371 quam
157 3326 166 3356 .·
178 3309 220 3374 qni
234 3318 358 3357 tamenex
374 3307 402 3357 b.
420 3306 437 3357 1.
451 3307 579 3356 maximum
625 3309 832 3358 constructionem
859 3317 954 3366 mutat,
980 3318 1026 3355 aut
1043 3307 1134 3357 iteretis
1173 3337 1177 3344 ·

64 3399 160 3453 partem
175 3389 302 3436 restitutus
316 3397 362 3435 est.
373 3411 406 3424 -
416 3388 445 3434 ln
463 3387 519 3456 ipso
531 3386 579 3436 hoc
624 3387 719 3436 vicibus
730 3388 809 3454 posite
825 3401 832 3436 :
847 3387 879 3452 iuj
889 3385 1004 3450 primissi
1015 3403 1056 3444 ea,
1068 3396 1096 3435 ut
1104 3387 1133 3435 h.

66 3485 137 3517 versu
148 3467 231 3516 malim
242 3465 277 3513 mi
288 3464 361 3514 scribi
373 3479 379 3516 :
393 3466 428 3513 sic
441 3466 506 3516 enim
519 3477 580 3516 vett.
623 3465 717 3516 [varie
731 3483 786 3516 cum
799 3465 917 3514 teletione
930 3465 1027 3513 dicitur.
1042 3466 1074 3514 G.

65 3559 147 3611 poetae
159 3546 245 3604 latini,
256 3542 294 3592 vel
304 3559 366 3592 voce
379 3555 500 3616 correpta.
509 3545 543 3592 G.
663 3549 702 3596 15.
716 3546 806 3594 Sedes:
814 3543 957 3609 decernere
970 3553 1021 3591 toto
1032 3543 1138 3610 perspici

104 3643 148 3676 ra.
162 3625 271 3674 Sustinet
278 3639 312 3672 se.
326 3626 374 3672 Iut.
388 3625 491 3674 suitinet
499 3639 579 3672 usen-
621 3636 702 3690 potest
719 3625 802 3674 leuitas
816 3621 936 3671 orationis
952 3638 1046 3673 eorum.
1063 3621 1135 3673 atita.

64 3707 162 3757 tionem
180 3721 248 3752 surm
259 3740 268 3767 ,
280 3701 402 3764 judicium
415 3719 501 3762 mum3
512 3715 582 3752 caret
626 3703 715 3752 delevit
724 3702 850 3752 orationis.
860 3703 964 3770 Goerenz
974 3703 1015 3751 dat
1029 3713 1081 3752 sota
1090 3719 1137 3768 pro

64 3801 96 3840 ne
110 3797 203 3833 temere
213 3783 319 3844 judicet.
626 3793 684 3831 toto.
696 3785 726 3830 ln
738 3782 800 3841 hoc,
814 3783 907 3845 inquit,
922 3781 943 3829 si
957 3782 996 3830 vel
1007 3798 1094 3847 perum
1107 3781 1139 3829 de

105 3859 148 3912 13.
165 3863 200 3910 Et
212 3861 277 3909 alias
293 3860 400 3924 quidem.
417 3861 472 3911 Nisi
489 3877 581 3926 praece·
628 3877 689 3911 eono
708 3861 862 3910 observatum
883 3860 1000 3921 hebebis,
1023 3871 1088 3909 recte
1103 3861 1140 3907 os·

65 3941 152 3990 denua
169 3958 196 3990 se
213 3941 265 4014 ipse
282 3957 313 3988 ex
328 3941 406 3988 inciso
417 3939 581 4006 dicmprode·
628 3941 730 3991 feudos:
745 3939 900 3988 scribendum
915 3942 980 3988 enim
993 3951 1061 4000 tum,
1073 3937 1140 3986 «sed

65 4033 140 4078 tent3
153 4031 235 4068 tamen
250 4019 277 4068 id
286 4020 403 4082 subjecta
412 4031 486 4084 pertt.
497 4022 541 4068 Es.
552 4055 577 4072 ..
628 4037 659 4068 ex
672 4029 727 4068 toto
739 4018 789 4066 boc
803 4033 890 4082 genere
898 4041 921 4067 n.
936 4020 970 4067 At
988 4029 1058 4076 tota,
1071 4017 1140 4082 quod

65 4098 168 4164 quidem
179 4099 345 4162 indigitatum
358 4109 449 4158 essem3
462 4114 515 4163 quse
535 4100 583 4148 iere
627 4099 657 4147 t'r.
672 4097 730 4147 cod.
742 4098 787 4146 Dr.
795 4098 874 4145 Wrat.
883 4098 942 4145 Vin.
954 4095 1140 4160 “qualiaque

64 4177 114 4242 (ut
139 4177 232 4242 primus
247 4175 333 4225 docuit
351 4177 461 4227 Mettbise
480 4178 584 4229 Miscell.
629 4177 761 4238 exhibent,
774 4179 905 4242 egregieet
919 4176 951 4223 ad
968 4165 1055 4224 sonum
1074 4167 1143 4232 et'sd
