2770 4688
286 407 322 474 P.
347 404 586 476 VALENTIAE
610 405 887 478 ACADEMICA.
1075 407 1123 496 45

79 526 148 616 apud
161 526 321 592 laertium
340 527 404 616 (1),
415 525 453 592 fit
464 527 646 593 secundum
660 527 741 611 hos,
758 545 815 592 aut
829 549 937 612 sensu,
953 543 993 594 ut
1009 529 1073 596 albi
1090 549 1124 598 et

80 632 270 723 nigri,asperi
287 647 322 698 et
338 631 441 715 laevis,
463 648 525 698 etc.
545 649 602 698 aut
621 639 762 716 ratione,
785 649 956 704 uteorum
975 659 1047 724 quus
1065 635 1123 706 de·

78 739 288 803 monstratione
305 737 521 829 colliguntur,
546 755 603 822 ut,
622 739 708 805 Deos
727 761 797 804 esse
815 755 848 804 et
865 739 990 806 mundo
1013 744 1124 832 provi-

76 843 136 909 dere
150 843 203 933 (a).
225 847 271 910 Ac
294 846 525 936 quamplures
550 844 799 936 significationes
828 869 937 912 sensus
962 849 1122 915 vocabulo

75 953 213 1036 tribuant,
229 953 265 1019 in
282 977 336 1037 ea,
350 953 512 1044 quum'de
524 955 581 1021 illo
597 954 644 1020 sic
654 970 772 1044 agunt,
790 954 968 1044 accipiunt,
985 978 1068 1045 qua,
1085 973 1124 1022 ut

75 1059 196 1127 delinitio
212 1062 282 1152 ipsa
296 1063 462 1144 continet,
479 1061 641 1128 sentiendi
653 1063 871 1128 instrumento
882 1063 999 1128 factam
1013 1087 1125 1154 appre-

75 1165 241 1234 hensionem
257 1169 432 1258 significari
450 1166 574 1234 dicunt.
592 1169 716 1257 Atque,
737 1168 772 1232 in
795 1168 986 1249 hujusmodi
1008 1169 1124 1236 inscri-

75 1272 182 1360 ptione,
195 1274 373 1364 phantasiae
385 1273 549 1338 literarum
561 1295 658 1339 usum
668 1288 832 1372 praestant.
848 1274 907 1339 Est
920 1296 998 1340 reto
1013 1274 1124 1340 Phan-

75 1384 155 1462 tcto,
171 1396 206 1444 ut
220 1379 311 1471 apud
327 1379 539 1445 Plutarchum
557 1379 605 1468 (3)
622 1379 822 1468 Chrysippus
839 1379 899 1461 ait,
915 1409 928 1436 α
942 1379 1071 1458 affectio
1088 1381 1121 1444 in

75 1483 163 1549 animo
177 1485 274 1568 facta,
292 1509 351 1568 se,
368 1501 402 1550 et
409 1484 443 1550 id
460 1509 479 1549 a
495 1507 563 1573 quo
579 1500 629 1549 est
643 1484 776 1567 affecta,
790 1484 997 1553 ostendens».
1013 1486 1123 1552 Veluti

75 1611 157 1676 quum
169 1592 238 1658 visu
251 1593 428 1682 aspicimus
442 1592 568 1675 album,
581 1592 711 1658 mentio
724 1589 872 1680 quaedam
886 1608 984 1680 atque
996 1615 1124 1681 permo-
1218 1635 1219 1638 =

75 1694 111 1757 tio
123 1697 153 1760 in
166 1699 272 1764 animo
286 1697 345 1781 fit,
363 1698 416 1764 cui
428 1696 643 1764 commotioni
661 1697 792 1779 album,
809 1695 900 1786 quod
917 1697 1020 1786 ipsam
1035 1699 1124 1762 exci-
1206 1783 1212 1788 ¹

76 1800 155 1884 unit,
181 1803 350 1886 subjacere
374 1801 521 1868 dicimus.
552 1802 704 1891 Namque
727 1800 775 1890 (4)
799 1803 966 1891 phantasia
989 1802 1123 1868 luminis

77 1901 156 1988 [μεὶς
166 1909 195 1997 ],
209 1933 227 1974 a
242 1931 315 1999 quo
329 1907 629 1974 denominationem
643 1907 784 1996 accepit,
808 1907 842 1970 in
861 1905 1017 1990 modum,
1036 1924 1069 1974 et
1088 1931 1123 1973 se

76 2028 102 2076 et
112 2013 139 2078 id
154 2039 169 2080 a
184 2039 249 2104 quo
265 2031 319 2082 est
334 2015 466 2099 affecta,
481 2012 617 2080 indicat:
631 2013 716 2078 siout
730 2012 840 2102 ipsum
850 2013 961 2078 lumen
978 2029 1012 2080 et
1027 2037 1077 2098 se,
1090 2032 1124 2080 et

76 2139 128 2182 retu
143 2121 259 2188 lumine
282 2123 487 2187 illustratam.
511 2122 624 2205 Quum
642 2143 720 2210 ergo
746 2123 835 2184 Zeno
856 2119 903 2208 (5)
921 2121 1122 2210 phantasiam

76 2234 162 2291 τέκωσιν
174 2239 197 2292 ts
217 2239 299 2309 ψυχῇ,
315 2227 350 2292 id
364 2243 427 2309 est,
440 2229 673 2316 impressionem
683 2228 846 2304 inanimo,
860 2225 1009 2310 dixisset,
1019 2228 1125 2316 Chry-

75 2329 178 2419 sippus,
190 2347 320 2410 τύπωσιν,
334 2333 369 2398 ld
386 2349 451 2416 est,
467 2338 715 2422 impressionem,
728 2343 870 2407 ἀλλοίωσιν,
886 2333 921 2397 ld
935 2350 1000 2417 est,
1010 2337 1123 2402 ἱππῆα-

76 2440 213 2524 ethnam,
223 2439 504 2530 interpretabatur
516 2461 524 2503 ε
535 2461 602 2506 non
612 2440 699 2504 enim
708 2438 777 2504 fieri
791 2461 902 2528 posse,
915 2440 992 2505 utin
1006 2439 1122 2506 eodem

75 2539 131 2608 luco
145 2545 246 2634 plures
263 2545 495 2636 impressiones
515 2544 629 2610 eodem
647 2561 794 2633 tempore
815 2562 983 2629 constent,
1005 2547 1033 2611 si
1053 2549 1122 2637 typi

75 2649 154 2714 veluti
166 2654 325 2744 impresso
336 2651 441 2742 sigillo
459 2651 494 2715 in
509 2651 619 2716 animo
632 2649 722 2716 fiant.
739 2652 852 2735 Quum
868 2674 946 2717 vero
964 2656 1123 2718 sicamina

75 2751 180 2842 dicunt,
194 2759 379 2848 principem
392 2757 493 2822 animi
503 2773 628 2846 partem
640 2756 821 2846 significant
834 2781 843 2822 t
859 2757 895 2822 in
905 2781 943 2822 ea
954 2759 1041 2823 enim
1054 2760 1122 2825 sola

75 2859 254 2949 phantasias,
284 2880 321 2930 et
349 2863 568 2945 assensiones,
596 2880 631 2929 et
660 2864 873 2952 appetitiones
902 2865 1123 2950 constituunt3

76 2966 159 3051 quod,
173 2987 288 3059 praeter
300 2969 513 3035 Plutarchum
529 2967 597 3058 (6),
626 2968 773 3035 Stobaeus
796 2970 831 3035 in
856 2971 1002 3061 Physicis
1026 2971 1124 3037 tradit

74 3068 143 3162 (oep.
156 3075 214 3163 39,
231 3080 320 3144 circa
336 3074 465 3164 linem).

111 3201 152 3266 ¹9.
164 3183 246 3250 Sunt
258 3198 373 3249 autem
388 3181 564 3272 phantasias
580 3182 648 3248 aliae
661 3191 776 3263 λογικοὶ,
791 3180 827 3246 id
843 3196 910 3262 cst,
929 3181 1126 3247 rattbnaler:

75 3281 128 3351 alie
138 3297 233 3372 mys,
250 3290 289 3358 id
305 3305 369 3372 est,
385 3289 591 3356 orationales.
607 3289 790 3355 Rationales
805 3303 897 3371 sunt,
914 3310 987 3378 quoe
997 3289 1123 3355 ratione

101 3527 134 3595 (ι)
148 3535 175 3581 In
186 3535 300 3596 hirom,
311 3533 427 3593 hnvn,
440 3543 499 3584 tect.
514 3533 560 3594 so,
575 3549 601 3598 p.
614 3533 673 3597 ³9⁶·

101 3617 133 3686 (a)
144 3621 259 3673 Plutarch.
269 3623 303 3672 de
314 3623 379 3690 plac.
390 3623 482 3674 Philon.
494 3621 538 3671 lib.
550 3623 594 3681 Ν,
607 3636 663 3686 cap.
675 3617 769 3688 8,9ι9.
777 3621 843 3689 899,
857 3629 882 3670 et
890 3622 970 3672 Laert.
978 3621 1122 3683 anenone,

75 3700 171 3769 ῙΉΠ,
182 3721 239 3760 rect.
251 3711 303 3772 52,
316 3711 442 3777 999396.

102 3793 135 3862 (3)
149 3801 185 3849 Dr
195 3800 281 3866 placit.
293 3799 387 3850 Pbflor.
395 3799 476 3858 ΠΗ,
495 3815 549 3865 cap.
560 3813 606 3860 ro,
620 3813 677 3864 pag.
690 3812 756 3862 900,
766 3795 793 3846 d.

102 3883 135 3951 (l)
149 3889 246 3950 Senm,
263 3889 309 3940 lib.
319 3889 369 3938 vn
389 3887 504 3936 adversus
521 3887 708 3936 Mathematicus
725 3883 765 3953 (r.
781 3885 897 3936 adversus
910 3883 1044 3954 legitor),
1061 3893 1122 3934 rect.

78 3971 129 4032 ¹⁶3r
140 3989 191 4042 Νι
205 3981 263 4040 404.

102 4057 135 4128 (t)
150 4065 225 4115 hert.
240 4067 267 4114 ln
280 4067 379 4115 mons
388 4097 401 4130 ,Ι
414 4063 600 4125 h‘h.V11,sect.
611 4063 736 4130 damry.
748 4061 807 4128 395.

103 4147 137 4214 (ὃ)
152 4153 187 4202 Dc
196 4152 261 4220 plac.
274 4153 368 4204 Philet.
380 4151 424 4204 lib.
435 4151 479 4213 lV,
490 4167 545 4218 cap.
560 4167 588 4202 rr
602 4160 628 4201 et
640 4163 683 4202 ar.
