2762 4682
249 401 297 473 92
618 375 947 448 INTRODUCTIO.

248 498 405 588 opinione
428 519 558 581 cavere3
583 496 798 587 quaedamque
820 511 971 586 percepta
989 511 1022 561 et
1039 497 1168 586 cognita
1185 511 1326 586 putare,

249 603 391 668 sednon
410 625 467 687 ea,
490 626 554 691 qua
571 604 685 688 Stoici,
703 604 840 670 ratione.

293 732 347 798 71.
367 707 514 776 Philonis
528 708 659 775 auditor
672 711 852 776 Antiochus
869 709 1074 791 Ascalonita,
1096 732 1200 798 quum
1216 709 1328 774 multo

249 831 399 904 tempore
412 815 616 880 Academiam
632 816 822 881 incoluisset
837 832 870 881 et
886 814 1084 880 defendisset
1095 815 1161 905 (1),
1187 815 1327 880 demum

247 921 287 986 iis
304 921 415 986 castris
431 907 585 1004 desertis,
600 923 667 988 sive
679 921 845 1000 evidentiae
860 939 893 987 et
904 921 1141 1011 perspicuitatis
1153 945 1329 986 sensuum·

248 1049 313 1115 que
343 1028 530 1092 testimonio
553 1027 712 1094 adductus
729 1052 766 1094 ac
787 1029 905 1112 flexus,
924 1051 981 1093 sen
1004 1027 1191 1093 ambitionis
1212 1029 1327 1118 potius

249 1132 359 1198 studio
377 1149 411 1198 et
425 1135 637 1200 contentione
660 1133 812 1200 adversus
835 1133 1027 1200 Clitomachi
1050 1150 1084 1198 et
1104 1134 1251 1199 Philonis
1274 1135 1328 1196 fa·

247 1239 387 1304 militares
411 1256 522 1323 actus,
546 1240 588 1305 ad
618 1241 729 1304 Stoam
757 1263 826 1306 sese
843 1239 1008 1305 transtulit
1026 1260 1034 1304 :
1060 1261 1128 1303 non
1155 1239 1213 1327 qui
1238 1239 1328 1303 Stoae
1377 1249 1378 1252 ’

248 1368 371 1434 nornen
388 1344 514 1410 dederit
526 1345 538 1436 (
546 1369 687 1436 namque
703 1346 738 1411 id
753 1343 946 1411 indecorum
960 1344 1045 1409 forte
1061 1343 1223 1434 putavit);
1235 1367 1328 1410 sem-

248 1473 307 1540 per
323 1450 412 1514 enim
426 1451 611 1518 Academici
630 1469 886 1542 cognomentum
902 1451 1045 1516 retinuit.
1066 1449 1190 1515 Verum
1209 1451 1245 1514 in
1268 1449 1329 1514 de·

249 1557 345 1621 cretis
361 1557 552 1647 placitisque
566 1559 721 1624 omnibus
739 1573 810 1623 erat
833 1558 908 1647 (uti
931 1559 1043 1624 Cicero
1060 1555 1108 1646 (a)
1125 1558 1191 1644 ait)
1209 1563 1237 1621 st'
1244 1581 1328 1646 pers

244 1686 353 1751 pauco
372 1671 574 1746 mutavisset,
595 1667 854 1753 germanissimus
882 1665 1017 1729 Stoicus.
1040 1667 1069 1728 A
1092 1664 1230 1728 Philone
1248 1663 1329 1751 qui-

249 1770 342 1853 dem,
355 1787 389 1836 et
400 1772 566 1838 Carneade
575 1774 797 1863 Arcesilaque,
812 1795 970 1862 noraeque
979 1769 1160 1836 Academiae
1174 1771 1328 1834 universa

249 1875 417 1966 disciplina
432 1895 576 1968 apertam
592 1878 822 1945 discessionem
842 1879 935 1961 facit;
952 1901 1013 1942 nec
1022 1875 1055 1945 id
1065 1877 1133 1967 ipse
1144 1875 1329 1940 dissimula·

160 2061 162 2066 λ
249 1981 333 2047 bat:
357 2005 470 2047 verum
492 1982 534 2048 ad
556 1981 723 2072 antiquam
746 1985 890 2050 Platonis
909 2000 942 2048 et
963 1984 1171 2065 Xenocratis,
1197 1999 1328 2047 cetero·

249 2109 390 2176 rumque
408 2104 555 2153 veterum
572 2113 646 2177 quaa
662 2090 704 2155 ad
723 2091 953 2173 Polemonem,
972 2113 1071 2179 quern
1094 2091 1162 2178 ipse
1184 2089 1329 2152 maxime

249 2195 422 2283 probabat,
443 2195 668 2285 perdurasset,
692 2197 845 2286 migrasse
869 2195 1013 2280 dicebat,
1032 2196 1123 2286 quasi
1144 2219 1162 2260 e
1183 2217 1267 2259 nova
1289 2195 1327 2258 in

251 2317 395 2365 veterem
414 2301 550 2366 domum
577 2325 584 2367 :
606 2303 787 2391 veterisque
809 2301 1009 2368 Academicis
1031 2301 1207 2390 disciplinae
1228 2303 1329 2365 resti·

252 2423 363 2486 tutor,
391 2408 483 2496 quasi
504 2423 582 2473 tunc
602 2408 801 2497 postliminio
830 2408 1020 2490 redeuntis,
1044 2407 1156 2476 audire
1183 2405 1327 2472 volebat.

252 2513 329 2582 Haec
353 2528 387 2578 et
407 2513 554 2602 quaedam
574 2515 634 2578 alia
659 2513 700 2578 de
717 2514 883 2579 Antiocho
899 2538 918 2578 a
936 2515 1108 2596 Cicerone,
1125 2512 1159 2576 in
1175 2513 1214 2576 iis
1232 2511 1329 2576 libris

252 2617 517 2684 Academicorum
537 2621 595 2708 qui
612 2621 727 2709 reliqui
750 2637 843 2701 sunt,
866 2637 1183 2701 commemorantur,
1206 2618 1329 2706 ipsius-

253 2749 317 2814 que
328 2727 485 2791 unirersar
502 2725 658 2812 doctrinae
673 2728 755 2793 ratio
770 2727 832 2791 sub
851 2727 1005 2790 Varronis
1022 2749 1181 2814 persona,
1206 2725 1241 2787 in
1258 2724 1330 2812 pri-

254 2855 310 2898 mo
328 2833 429 2915 libro,
447 2834 628 2898 luculenter
646 2835 830 2922 exponitur.
850 2835 888 2898 ln
906 2833 1042 2898 Lucullo
1062 2855 1196 2921 quoque
1214 2831 1329 2894 omnia

254 2961 291 3003 ea
308 2939 432 3022 Stoica,
460 2963 532 3027 quae
548 2939 589 3004 de
610 2941 752 3005 veritatis
777 2939 899 3021 judicio
923 2939 1095 3021 dicuntur,
1114 2962 1153 3003 ex
1170 2937 1328 3002 Antiochi

252 3046 410 3110 sententia
427 3062 562 3135 sumpta
573 3061 651 3110 sunt
663 3069 671 3111 :
685 3069 826 3134 namque
837 3044 932 3134 quod
942 3045 983 3110 ad
1001 3046 1173 3110 Criterium
1191 3044 1328 3126 attinet,

252 3152 381 3217 Stoicus
397 3153 535 3216 omnino
557 3169 635 3219 erat.
655 3154 694 3217 ln
716 3152 853 3217 naturali
872 3168 981 3217 autem
999 3166 1033 3217 et
1047 3150 1161 3216 morali
1177 3149 1329 3238 philoso-

253 3259 346 3347 phia,
365 3259 461 3322 etiam
483 3281 586 3347 quum
611 3258 776 3323 Platonica
801 3259 916 3348 placita
948 3258 1105 3347 explicare
1130 3253 1326 3346 profitetur,

254 3364 447 3454 plerumque
462 3364 572 3428 Stoam
590 3365 697 3453 sapit:
719 3379 774 3446 ut,
797 3365 824 3428 si
847 3365 901 3429 hic
920 3379 1004 3429 esset
1017 3365 1127 3446 locus,
1152 3360 1328 3426 ostendere

253 3491 434 3558 possemus.
446 3471 561 3552 Quum
571 3492 649 3535 vero
662 3471 770 3535 Stoica
786 3469 899 3553 refert,
917 3471 998 3534 mire
1010 3463 1084 3560 erga
1100 3469 1153 3533 illa
1164 3465 1327 3547 afficitur,

255 3574 425 3662 ipsamque
443 3572 525 3638 adeo
541 3575 651 3642 Stoam
665 3575 901 3639 correctionem
918 3573 1113 3664 quamdam,
1131 3595 1201 3636 non
1217 3589 1328 3636 muta·

254 3681 394 3761 tionem,
411 3679 550 3767 antiquae
564 3679 707 3744 Platonis
724 3678 879 3762 doctrinae
891 3679 979 3746 dicit.
997 3679 1165 3768 Namque,
1180 3695 1218 3741 ut
1227 3675 1328 3741 tradit

255 3787 371 3852 Sextus
387 3783 451 3873 (3),
469 3785 503 3849 in
521 3783 555 3849 id
576 3787 714 3851 maxime
734 3786 904 3870 incubuit,
930 3803 968 3852 ut
986 3785 1193 3867 ostenderet,
1218 3785 1327 3850 &oba

290 3942 330 4010 (ι)
347 3943 412 3993 Phat.
426 3943 452 3991 in
466 3944 597 4002 Cicerone,
615 3955 640 3992 et
653 3945 706 3994 Cic.
718 3947 744 3994 in
757 3945 877 4007 Lucullo,
890 3961 944 4010 cap.
959 3961 1003 3994 aa.

290 4032 329 4100 (a)
348 4035 377 4080 In
388 4031 506 4090 Lucullo,
523 4047 577 4096 cap.
592 4032 634 4088 43.

290 4121 329 4189 (3)
347 4123 476 4185 Hypotyp.
487 4117 531 4170 lib.
542 4123 569 4186 1,
586 4134 641 4186 cap.
654 4121 700 4180 33,
718 4129 778 4168 sset.
792 4121 856 4181 ass,
867 4135 921 4188 pag.
938 4121 983 4178 δι,
