2786 4674
230 327 301 398 tino
566 333 614 400 Μ.
640 335 679 400 Τ.
710 327 949 398 CICERONIS

270 446 411 521 Quoniam
427 466 497 508 vero
511 463 608 528 partes
630 463 661 510 et
681 447 808 509 membra
829 449 925 506 omnia
941 444 1070 504 mortalis
1085 445 1241 504 animantis
1260 444 1290 502 in

233 552 333 598 mutua
353 540 665 622 quadamcognatione
685 543 780 620 genita
802 539 1060 616 erant,vitamque
1078 538 1242 596 necessario
1262 538 1292 594 in

232 633 297 709 igne
310 651 344 688 ac
359 631 462 710 spiritu
473 634 672 712 possidebant,
685 655 723 694 ne
737 633 841 692 animal
857 633 950 711 ipsun
959 630 996 689 ab
1008 630 1052 689 his
1064 631 1224 689 resolnmm
1239 647 1293 688 ex-

231 723 423 802 haustumque
443 725 501 784 cito
524 725 677 803 deficeret,
690 727 747 784 hoc
771 726 820 786 Dii
841 723 962 783 consilio
982 719 1140 800 providere
1159 745 1166 779 :
1183 723 1293 800 quippe

233 814 352 873 humani
366 816 478 894 generis
493 831 625 877 naturam
645 818 797 896 quamdam
819 830 970 894 cognatam
994 815 1057 874 aliis
1081 815 1183 873 formis
1199 815 1293 872 sensi-

181 983 192 992 ·
232 906 344 984 busque
357 907 526 978 miscentes,
546 910 627 989 quasi
641 911 744 970 animal
759 908 906 989 quoddam
920 907 997 968 aliud
1011 908 1237 987 plantaverunt:
1252 917 1295 963 ta-

234 999 273 1056 lia
288 1013 355 1059 sunt
369 999 533 1060 domesticae
554 1001 688 1074 arbores,
710 1001 832 1080 plantae,
849 1002 975 1074 semina,
999 1020 1065 1078 quae
1086 999 1197 1059 consita
1217 1015 1296 1056 nunc

236 1092 372 1171 cultaque
386 1093 424 1152 ab
436 1108 497 1154 arte
509 1096 588 1154 mitia
598 1094 683 1154 nobis
693 1107 772 1166 sunt;
786 1093 931 1171 quondam
938 1112 1009 1151 vero
1019 1093 1083 1151 sine
1093 1093 1298 1168 mdtumagre·

235 1184 309 1243 otia:
324 1185 466 1264 quidquid
479 1188 556 1246 enim
572 1187 641 1246 vita
650 1199 694 1246 est
709 1186 871 1265 particeps,
885 1186 951 1262 jure
962 1184 1067 1242 animal
1082 1182 1296 1242 nominabitur:

233 1276 313 1354 quod
335 1291 431 1338 antem
451 1299 528 1338 nunc
551 1279 688 1352 dicimus,
714 1279 805 1337 tertiae
826 1277 926 1336 anime
944 1276 1051 1354 speciei
1071 1288 1114 1334 est
1134 1274 1296 1354 particeps,

234 1389 322 1447 quam
331 1371 406 1429 inter
417 1371 605 1452 diaphragma
619 1384 649 1432 et
659 1369 828 1430 umbilicum
839 1369 1012 1428 locavimus:
1025 1367 1072 1428 cui
1081 1367 1198 1446 opinio,
1211 1367 1297 1437 ratio,

232 1483 313 1522 mens
332 1465 411 1523 nulla
427 1465 541 1544 penitus
557 1465 632 1525 inest
638 1487 647 1539 ;
671 1483 771 1524 sensus
786 1481 857 1520 vero
874 1463 969 1521 suavis
993 1475 1023 1520 et
1044 1459 1133 1519 tristis
1153 1477 1297 1518 unacum

234 1555 441 1634 cupiditatibus
455 1559 606 1616 convenit:
628 1557 725 1616 omnia
744 1554 886 1634 sitpaidcm
905 1555 1040 1613 continue
1054 1553 1187 1632 patitur:
1206 1571 1296 1628 quum

234 1668 306 1707 vero
319 1649 349 1707 in
362 1670 392 1709 se
403 1651 467 1730 ipso
477 1651 514 1710 ad
525 1665 614 1711 semet
622 1661 817 1720 convertatur,
829 1660 1036 1725 externumque
1047 1659 1166 1724 respuat
1176 1658 1298 1714 motum,

236 1754 265 1799 et
280 1743 400 1820 proprio
422 1759 503 1803 motu
524 1743 740 1820 domesticoque
760 1753 875 1812 utatur,
892 1739 1002 1798 idcirco
1023 1735 1091 1797 huic
1113 1749 1217 1794 natura
1236 1754 1298 1792 non

238 1833 351 1907 tribuit,
369 1849 401 1894 ut
416 1836 574 1914 quidquam
589 1835 669 1914 pensi
686 1833 796 1893 babens
810 1851 930 1892 suorum
952 1829 1061 1910 aliquid
1074 1829 1298 1900 consideraret:

235 1940 415 2005 quapropter
427 1928 487 1988 vita
498 1927 616 2005 quidem
633 1927 778 2005 fungitur,
796 1945 849 1984 nec
867 1939 911 1984 est
928 1923 964 1982 ab
984 1924 1114 1983 animali>
1127 1921 1298 1981 diversum:

236 2019 306 2096 quia
317 2039 387 2078 vero
397 2021 446 2078 illa
457 2021 499 2092 vi,
511 2041 569 2098 qua
583 2019 654 2097 quid
669 2039 700 2080 se
714 2018 808 2097 ipsum
824 2015 974 2087 transfert,
993 2013 1129 2074 orbatum
1143 2013 1208 2084 tuit,
1219 2013 1300 2072 stetit

236 2107 331 2186 rigens
344 2122 373 2167 et
390 2111 478 2168 fixum
491 2109 638 2170 radicibus
648 2111 741 2170 haesit.
796 2135 800 2143 ·
1212 2105 1213 2114 ἶ

276 2205 374 2273 Quum
389 2200 450 2260 baec
464 2203 560 2263 omnia
574 2205 737 2281 superiores
757 2201 800 2260 illi
814 2202 906 2262 nostri
925 2202 962 2262 ad
985 2201 1193 2262 nutrimentum
1214 2197 1300 2258 nobis

237 2289 425 2350 inferioribus
445 2292 691 2372 suppeditassent,
725 2296 754 2352 in
777 2291 878 2354 nostro
900 2313 1039 2372 corpore,
1062 2293 1147 2372 quasi
1172 2291 1299 2370 quodam

148 2449 151 2454 A
239 2379 342 2454 horto,
359 2397 468 2442 meatus
489 2385 581 2444 veluti
597 2385 784 2464 aquaeductus
801 2387 896 2444 varios
914 2385 1108 2457 diduxerrmt,
1134 2397 1167 2442 ut
1179 2383 1301 2462 liquoris

239 2471 418 2534 derivatione
436 2475 604 2554 irrigaretur
618 2499 625 2534 :
640 2477 785 2556 principio
798 2491 908 2536 meatus
922 2478 1050 2536 occultos
1061 2476 1115 2536 sub
1127 2475 1301 2534 conflatione

237 2567 312 2626 cutis
325 2578 354 2626 et
367 2568 478 2641 carnis,
497 2568 569 2628 duas
582 2569 690 2628 scilicet
702 2590 789 2630 venas
805 2571 835 2628 in
849 2584 930 2646 tergo
941 2569 1120 2642 diviserunt,
1141 2567 1301 2626 secundum

238 2660 378 2738 geminam
392 2663 524 2740 corporis
536 2662 627 2741 ipsius
640 2664 776 2740 liguram,
801 2662 838 2721 ad
856 2662 987 2721 dextram
1008 2675 1038 2721 et
1053 2662 1200 2720 sinistram
1216 2684 1224 2717 :
1248 2659 1301 2718 bas

238 2753 339 2830 utiquo
366 2753 402 2812 ad
426 2754 538 2832 spinam
558 2753 750 2828 demiserunt,
771 2753 953 2832 mediamque
971 2753 1128 2812 medullam
1148 2753 1300 2832 genitalem

239 2847 500 2926 comprehendere,
523 2860 556 2906 ut
576 2861 606 2906 et
624 2847 685 2906 haec
699 2867 785 2926 quam
802 2847 926 2906 maxime
942 2847 1038 2926 vigeat
1052 2846 1251 2924 pulluletque,
1273 2857 1303 2902 et

238 2937 361 2997 uberior
371 2938 439 2997 hinc
454 2939 575 3010 adalia,
594 2941 675 3016 quasi
690 2939 810 3000 declivis
820 2939 942 3011 effusio,
959 2938 1157 3014 irrigationem
1172 2935 1304 3016 aequabi-

237 3030 295 3090 lem
308 3029 443 3110 praebeat.
455 3035 524 3089 Post
534 3030 595 3089 baec
605 3031 761 3108 partientes
770 3031 845 3090 circa
855 3043 942 3110 caput
954 3050 1050 3102 renas,
1062 3049 1169 3107 wne
1182 3029 1304 3086 invicem

238 3141 275 3182 ex
295 3124 428 3202 opposito
446 3123 641 3201 implicantes,
663 3111 770 3203 partim
792 3145 808 3182 a
824 3123 934 3183 dextris
954 3122 990 3182 ad
1008 3123 1141 3193 sinistra,
1163 3122 1269 3200 partim
1287 3141 1305 3178 a

238 3215 359 3274 sinistris
373 3215 409 3274 ad
425 3215 528 3274 dextra
548 3216 678 3295 corporis
695 3216 923 3295 dispertierunt:
946 3229 979 3274 ut
999 3215 1089 3294 capiti
1107 3213 1145 3273 ad
1160 3215 1304 3292 reliquum

239 3325 345 3384 eorpus
365 3328 422 3368 una
444 3329 510 3366 cum
536 3321 601 3368 cute
622 3310 764 3368 connexio
787 3310 877 3381 foret,
899 3322 1052 3387 postquam
1071 3307 1171 3366 nervis
1186 3306 1305 3384 quidem

239 3415 297 3454 non
310 3409 372 3456 erat
382 3399 491 3458 circulo
504 3401 631 3478 quodam
642 3401 948 3461 secundum-verticem
963 3399 1206 3479 comprehensum
1218 3411 1306 3476 atque

240 3489 425 3550 distinctum:
444 3503 530 3570 atque
550 3493 637 3552 etiam
663 3506 697 3552 ut
721 3492 862 3556 sentiendi
887 3495 929 3551 vis
957 3491 996 3550 ab
1018 3492 1151 3569 utrisque
1174 3490 1307 3567 partibus

242 3603 296 3660 per
309 3595 399 3642 totum
414 3603 520 3663 corpus
532 3586 660 3664 undique
676 3586 859 3646 demanaret:
870 3586 939 3644 binc
951 3603 1022 3643 vero
1032 3581 1238 3662 aquaeductum
1250 3583 1306 3640 boc

239 3675 341 3735 ordine
357 3673 559 3736 deduxerunt:
573 3698 658 3756 quum
679 3678 766 3758 piane
783 3679 1006 3757 perspiciemus,
1029 3677 1053 3734 si
1071 3675 1129 3734 h'oc
1149 3676 1231 3732 inter
1253 3693 1307 3732 nos

180 3775 182 3781 ’
237 3769 363 3845 primum
375 3769 621 3830 asseverabimus:
638 3790 829 3849 quaecumque
843 3791 880 3830 ex
895 3766 1100 3828 minutioribus
1122 3787 1306 3844 componun-

240 3873 296 3934 tur,
308 3859 417 3940 majora
429 3861 575 3922 detinent:
590 3881 655 3940 quae
669 3883 740 3922 vero
761 3884 798 3921 ex
811 3858 1031 3941 grandioribus,
1045 3843 1204 3916 minutiora
1223 3857 1305 3916 cobi-

239 3945 308 4008 bero
322 3972 381 4010 non
394 3967 532 4031 possunt:
548 3953 621 4030 ignis
635 3965 731 4012 autern
749 3974 808 4032 prae
824 3952 926 4012 ceteris
938 3941 1091 4030 generibus
1105 3949 1306 4008 minutissimis

239 4056 350 4100 constat
364 4045 526 4120 particulis:
549 4044 673 4122 ideoque
690 4067 807 4122 aquam,
830 4064 938 4116 aerem,
953 4057 1075 4114 terram,
1088 4055 1117 4100 et
1129 4061 1196 4120 qnae
1209 4061 1247 4100 er
1265 4042 1309 4100 bis
