2786 4674
247 328 319 402 632
585 333 633 400 M.
659 335 699 404 Τ.
725 333 967 402 CICERONIS

248 453 432 530 radicemque
451 464 481 509 et
499 449 640 530 originem
659 467 787 512 nostram
810 453 985 532 pendentem
1002 452 1202 530 suspendens,
1220 463 1309 512 totum

249 543 347 622 dirigit
360 561 484 622 corpus:
501 542 530 602 in
544 563 579 601 eo
593 543 690 622 igitur,
705 545 756 623 qui
771 545 1010 624 concupiscentiae
1024 557 1053 602 et
1072 544 1240 603 ambitiosae
1254 547 1309 602 ira-

246 633 359 693 cundiae
368 633 519 694 aflectibus
529 635 678 713 explendis
689 635 845 705 incumbit,
860 655 975 694 necesse
987 650 1031 696 ost
1041 635 1198 715 opiniones
1210 655 1308 694 omum

248 727 383 785 mortales
395 727 476 798 fieri,
491 739 577 804 atque
597 746 681 800 curn,
704 745 789 805 quam
808 729 933 792 maxime
949 728 1012 786 fieri
1027 741 1141 806 potest,
1159 729 1308 808 mortalem

247 837 368 898 prorsus
377 818 513 892 evadere,
522 838 613 896 qnam
626 821 776 878 mortalem
792 833 924 878 naturam
940 838 995 897 pro
1007 819 1121 877 viribus
1132 819 1247 877 auxerit
1259 842 1267 875 ε
1281 830 1308 874 at

249 931 334 986 eum,
353 911 404 987 qui
430 923 507 972 totus
527 910 670 970 discendae
692 911 819 972 veritatis
842 909 1000 988 cupiditate
1020 911 1199 988 flagraverit,
1223 923 1308 985 atque

250 1021 364 1060 omnem
376 1002 437 1080 ejus
450 1021 569 1080 operam
583 1005 728 1080 precipue
742 1004 771 1061 in
785 1003 842 1061 hoc
858 1023 916 1062 uno
932 1001 1123 1080 impenderit,
1137 1021 1254 1062 neeesse
1268 1015 1308 1060 est

251 1095 385 1166 omnino,
403 1096 428 1153 si
441 1094 558 1172 quidem
573 1095 722 1154 veritatem
737 1096 871 1175 attingat,
883 1095 1056 1153 immortalia
1071 1108 1101 1153 et
1117 1093 1216 1152 divina
1226 1113 1307 1152 cotu-

249 1185 444 1265 preheudere;
457 1201 486 1245 et
505 1201 645 1265 quatenus
665 1189 791 1247 humana
810 1201 912 1246 natura
934 1187 1181 1246 immortalitatem
1200 1187 1309 1262 assequi

250 1291 361 1356 potest,
377 1292 495 1338 eatenus
505 1279 582 1338 lrunc
597 1279 710 1357 penitus
723 1280 915 1340 immortalem
928 1278 1064 1352 evadere,
1079 1279 1160 1338 nulla
1179 1277 1308 1336 videlicet

252 1371 477 1430 immortalitatis
490 1387 570 1449 parte
582 1371 711 1443 dimissa3
726 1373 796 1449 quin
810 1373 895 1431 etiarn
907 1392 996 1449 quum
1004 1391 1119 1449 semper
1127 1371 1307 1430 divinumco-

252 1463 463 1542 lat,ips1imque
473 1464 639 1526 familiarem
650 1465 808 1524 daemonem
815 1465 844 1522 in
853 1485 883 1523 se
894 1463 1308 1541 habeatomatissimum,prae·
1365 1486 1366 1506 t

252 1555 337 1634 cipue
349 1553 464 1614 beatum
477 1555 559 1614 foret
578 1557 690 1618 cultura
706 1570 801 1615 autem
811 1556 950 1633 cujusque
964 1555 1082 1614 omnino
1097 1574 1156 1612 una
1172 1567 1230 1625 est,
1243 1573 1308 1630 pro-
1366 1568 1367 1578 ¹

251 1645 347 1725 prium
362 1647 466 1724 cuique
480 1643 618 1726 pabulum
634 1659 799 1726 motumque
811 1647 954 1706 tribuere:
967 1649 994 1705 ei
1005 1667 1087 1717 vero,
1097 1647 1180 1724 quod
1190 1647 1219 1704 in
1231 1643 1309 1703 nobis

253 1739 382 1797 divinum
395 1751 453 1812 est,
468 1752 563 1798 motus
576 1741 690 1817 cognati
704 1753 772 1800 sunt
785 1740 911 1798 universi
924 1741 1013 1818 ipsius
1026 1739 1217 1817 cogitationes
1229 1752 1308 1814 atquc

190 1899 192 1904 ,
253 1831 408 1890 circuitus:
430 1831 484 1891 hos
510 1833 607 1909 itaque
627 1845 780 1916 sequutum
798 1852 1031 1912 unumquemque
1051 1845 1183 1889 nostrum
1200 1843 1309 1908 oportet

253 1922 446 1981 discursiones
462 1923 525 1982 illas
541 1937 653 1984 nostras
666 1927 695 1983 iu
711 1927 821 2004 capite,
836 1926 905 1984 olim
920 1945 937 1983 a
951 1926 1043 2002 prima
1055 1924 1240 2001 generatione
1251 1941 1310 1979 cor-

254 2029 371 2094 ruptas,
391 2034 445 2093 per
458 2017 550 2095 ipsam
567 2016 719 2076 mundaum
730 2018 888 2076 harmonia
901 2017 1147 2094 revolutionisque
1160 2015 1310 2090 intelligere

255 2105 325 2164 tiam
339 2107 379 2174 ita
394 2107 558 2188 corrigere,
578 2123 610 2169 ut
629 2110 780 2169 intellectae
797 2112 839 2168 rei
861 2110 1063 2188 intelligentem
1080 2109 1140 2166 vim
1158 2106 1309 2166 secundum

255 2198 407 2276 pristinam
420 2213 553 2264 naturam
566 2201 687 2260 similem
702 2201 819 2271 reddat,
835 2221 889 2280 per
901 2221 987 2278 quam
999 2199 1217 2258 similitudinem
1233 2199 1309 2264 rite,

256 2293 350 2358 aneo
364 2291 481 2366 optimae
492 2292 578 2352 nobis
594 2295 771 2372 propositae,
787 2305 816 2351 et
830 2291 1006 2372 inpraesenti
1022 2304 1155 2370 tempore
1175 2303 1204 2348 et
1219 2291 1248 2348 in
1266 2289 1309 2345 fu-

258 2393 324 2440 turo
339 2381 426 2439 finem
440 2381 641 2460 adipiscamur.

295 2471 352 2530 Sed
361 2471 422 2550 jam
443 2473 602 2552 disputatio
616 2477 665 2534 illa
681 2477 717 2534 de
731 2479 865 2538 universo
879 2499 971 2556 nsque
987 2477 1023 2536 ad
1038 2477 1252 2556 generationem
1265 2474 1310 2531 hu-

257 2562 367 2630 minum
378 2563 463 2635 nubis
476 2569 626 2644 proposita
641 2569 727 2626 linem
741 2588 824 2647 paene
839 2591 922 2629 suum
938 2569 1042 2648 adepta
1061 2569 1196 2628 videtur:
1209 2582 1310 2626 cetero-

258 2673 323 2712 rum
335 2673 405 2714 vero
420 2656 606 2718 animantium
620 2660 847 2736 generationem,
865 2673 1006 2739 quatenus
1020 2661 1173 2719 dumtaxat
1193 2659 1311 2717 necessi-

257 2757 301 2804 tas
314 2748 457 2824 postulat,
474 2750 574 2826 paucis
586 2753 809 2828 perstringemus
822 2755 877 2812 :sic
888 2754 964 2812 enim
976 2753 1094 2811 modum
1106 2754 1138 2810 in
1152 2751 1209 2810 hac
1218 2749 1312 2827 dispu-

261 2837 368 2897 tatione
382 2853 479 2899 tenere
488 2839 547 2908 ,sibi
561 2844 683 2920 quisque
696 2843 860 2904 videbitur:
881 2865 982 2906 verum
996 2846 1032 2904 de
1049 2845 1095 2904 his
1104 2845 1165 2922 jam
1184 2845 1225 2902 ita
1239 2843 1313 2902 dica-

259 2947 323 2986 mus
337 2952 344 2986 :
359 2931 534 3008 quicumque
548 2933 679 2992 virorum
695 2935 792 3012 injusti
804 2935 954 3014 timidique
964 2937 1115 3007 vixerunt,
1128 2935 1312 3012 quemadmo-

258 3018 327 3076 dum
346 3020 505 3098 probabilis
527 3025 601 3083 ratio
621 3024 706 3086 nobis
726 3027 868 3096 ostendit,
890 3029 920 3085 in
942 3029 1127 3106 generatione
1144 3027 1271 3085 secunda
1288 3027 1313 3082 in

241 3111 378 3184 ,seminas
392 3127 460 3172 sunt
473 3115 617 3188 conversi,
629 3136 688 3193 quo
703 3119 822 3196 quidem
836 3133 968 3198 tempore
988 3119 1062 3176 hanc
1082 3117 1122 3175 ob
1139 3137 1257 3176 causam
1271 3117 1315 3176 Dii

259 3201 351 3260 coitus
366 3223 493 3264 amorem
506 3207 660 3270 machinati
676 3224 759 3269 sunt:
774 3211 907 3289 igiturin
923 3213 993 3270 viris
1007 3231 1095 3268 nuum
1113 3210 1274 3286 quiddam,
1290 3215 1313 3264 iu

260 3291 372 3354 leminis
386 3296 506 3355 alterum
522 3297 588 3356 vitae
609 3312 639 3357 et
653 3301 753 3359 animae
772 3303 944 3380 composita
959 3314 1204 3379 composuerunt:
1227 3303 1313 3378 ipsum

258 3395 345 3459 potus
362 3383 538 3459 discursum,
550 3409 610 3465 quo
624 3410 678 3468 per
690 3392 841 3470 pulmones
855 3391 909 3451 sub
923 3412 1004 3451 renes
1016 3395 1044 3449 in
1055 3393 1180 3450 vesicam
1191 3393 1314 3451 defluens

258 3486 288 3532 et
300 3474 415 3550 spiritui
430 3479 536 3538 mixtus
550 3482 693 3560 elisnsque
709 3483 905 3562 depromitur,
924 3487 973 3544 Dii
989 3485 1018 3543 in
1039 3485 1140 3542 fistulae
1158 3485 1276 3543 modum
1289 3485 1315 3541 iu

258 3576 436 3642 compactam
452 3569 607 3633 medullam
622 3592 638 3632 a
653 3575 748 3653 capite
761 3595 815 3652 per
834 3576 976 3634 cervicem
991 3589 1021 3633 et
1040 3576 1152 3653 spinam
1170 3575 1316 3633 derivave-

258 3671 342 3726 runt:
354 3657 433 3733 quod
447 3661 564 3735 quidem
578 3684 706 3742 sperma,
729 3665 758 3723 id
776 3679 836 3738 est,
859 3686 974 3738 semen,
986 3667 1016 3724 in
1028 3665 1231 3743 superioribus
1246 3687 1316 3724 nuu-

257 3751 444 3828 eupavimus:
460 3749 517 3810 hoc
534 3769 646 3826 autem,
659 3769 761 3834 utpote
775 3759 931 3816 animatum
943 3777 975 3816 ac
989 3757 1151 3833 respirans,
1168 3777 1227 3835 qua
1239 3771 1315 3835 parte

258 3843 363 3919 spirat,
385 3861 438 3920 per
451 3842 579 3903 eamdem
594 3849 679 3906 vitale
699 3849 836 3908 effluendi
855 3847 1027 3908 desiderium
1047 3848 1151 3926 gignit,
1174 3861 1262 3926 atque
1280 3849 1313 3904 ita

258 3934 415 4008 generandi
435 3953 562 3993 amorem
584 3938 668 3997 uobis
684 3941 823 4000 inseruit:
839 3941 975 4018 quocirca
988 3937 1193 4017 pudendorum
1209 3953 1312 3998 nature
