2784 4662
459 331 698 410 sxcnnsns
721 340 750 408 1.
1064 343 1130 432 45,
1216 371 1221 377 -

62 477 214 548 pressum
232 467 264 524 ct
281 457 437 546 effictum,
455 459 535 524 unde
550 475 634 524 esset.
653 457 810 525 Subtilius
830 461 915 528 Sext.
931 463 1134 553 Empiricos,

68 583 101 632 et
113 567 254 656 planius.
274 567 354 630 Duas
371 583 448 630 sunt
463 566 550 656 apud
566 589 642 632 eum
661 566 830 652 notiones,
849 593 920 658 quae
938 571 1026 659 apud
1043 575 1135 644 Cice.

68 695 186 738 ronem
204 689 336 738 estune
354 695 363 736 ε
391 681 454 747 1οή
471 683 520 735 ἀπὸ
537 683 698 755 ὑπάρχοντος.
715 671 872 740 Videlicet
896 676 953 764 qui
974 694 1082 744 motus
1099 681 1136 748 in

67 801 168 842 sensu
179 793 229 842 est
237 778 402 856 excitatus,
414 793 511 866 atque
520 778 561 844 ad
571 798 714 848 mentem
724 782 962 872 propagatus,is
972 799 1136 866 arturesse

67 881 215 948 debetex
221 906 255 948 re
264 905 336 972 quoe
346 897 408 964 θείς
416 883 477 952 2⁰al
489 901 547 948 scr·
560 897 619 951 clari
634 900 664 952 τὸ
677 899 786 970 ὑπάρχον
803 890 1136 970 ἶναπομιμαγμίνηᾸάειη

66 989 134 1054 hoc
151 1005 216 1071 est,
232 988 323 1076 quod
341 990 455 1054 Cicero
469 1014 666 1079 expressum,
684 1012 718 1060 et
732 993 870 1082 effictum
883 994 1030 1083 appellat.
1049 996 1137 1068 Indi·

67 1111 164 1160 catur
174 1093 352 1160 similitudo
368 1095 605 1162 absolutissima
616 1100 782 1190 imaginis,
793 1121 869 1164 cnm
882 1121 918 1164 re
934 1121 973 1164 cx
988 1123 1052 1189 qua
1066 1119 1137 1170 orta
1176 1174 1177 1181 χ

66 1215 127 1266 est.
142 1202 336 1290 Expressum
349 1201 436 1266 enim
453 1204 632 1290 opponitur
647 1207 743 1270 etiam
757 1203 955 1270 adumbrato.
972 1207 1013 1272 Et
1031 1209 1137 1298 primo

67 1306 206 1396 quidem
228 1304 379 1371 videntur
396 1305 619 1374 adumbratam
637 1311 811 1400 imaginem
830 1309 966 1394 dixisse,
992 1312 1083 1380 lineis
1102 1315 1138 1380 in

66 1415 169 1502 plano
179 1410 338 1501 depictam
347 1435 357 1494 3
366 1417 549 1500 ecpressam
564 1430 688 1497 autem,
705 1416 740 1480 in
756 1414 860 1480 solido
872 1416 1077 1484 eminentem.
1089 1419 1140 1487 Ita

68 1520 160 1584 enirn
175 1539 426 1606 nonnumquam
439 1517 689 1607 conjunguntur
698 1521 767 1586 haeo
785 1521 844 1584 tria
860 1522 974 1605 verba,
987 1524 1137 1605 solidum,

67 1627 230 1706 cecinens,
251 1645 450 1711 expressum,
473 1640 511 1688 ut
526 1622 613 1688 idem
629 1625 808 1714 significare
820 1625 992 1692 videantur
1003 1626 1081 1716 (vid.
1097 1629 1139 1696 de

67 1731 110 1796 N.
126 1731 168 1794 D.
183 1730 216 1813 Ι,
234 1726 306 1818 75).
329 1728 457 1794 Deinde
475 1730 646 1818 utriusque
661 1732 810 1796 vocabuli
835 1731 1025 1821 significatio
1041 1735 1140 1800 latins

62 1835 169 1926 'coepit
182 1848 302 1924 patere.
320 1835 485 1919 Quoniam
498 1836 585 1900 enim
600 1836 805 1902 adumbratio
816 1837 851 1900 in
868 1837 991 1926 pictura
1010 1856 1078 1904 erat
1093 1842 1140 1906 rei

67 1945 177 2034 prima
194 1941 469 2031 circumscriptio,
487 1957 519 2007 et
536 1943 651 2008 umbra
667 1966 703 2008 ac
715 1943 786 2008 luce
800 1944 881 2008 facta
896 1945 1140 2034 qualiscumque

68 2048 250 2131 distinctio,
264 2049 360 2113 etiam
372 2048 406 2112 in
423 2048 642 2113 eminentibus
660 2049 837 2114 simulacris
854 2048 1074 2126 adumbratum
1088 2051 1140 2118 di-

69 2173 163 2222 ctum
179 2153 296 2238 estid,
320 2154 410 2244 quod
426 2154 635 2237 inchoatum,
659 2154 849 2244 ruditerque
874 2155 1020 2222 effictum
1038 2177 1139 2244 esset,

68 2264 115 2327 ita
133 2277 261 2343 tamen,
283 2275 322 2324 ut
345 2260 438 2340 cnjus
466 2260 513 2326 rei
534 2277 619 2326 essct
644 2261 768 2351 imago,
787 2278 966 2350 appareret
986 2264 1140 2332 Similiter

68 2370 248 2456 expressio,
259 2389 457 2456 quamquam
470 2381 537 2431 erat
548 2367 680 2456 proprie
695 2367 779 2457 signi
790 2368 943 2436 exstantis
953 2369 1140 2454 elaboratio,

69 2491 182 2538 tamen
196 2469 238 2537 ad
253 2471 413 2562 picturam
432 2494 564 2561 quoque
581 2471 749 2558 translata,
769 2490 802 2539 et
822 2472 863 2538 dc
879 2475 1027 2564 imaginis
1043 2477 1140 2542 abso·

68 2581 199 2645 lutione
212 2601 250 2643 ac
263 2579 462 2668 perfectione
481 2593 635 2667 usurpata
648 2595 705 2644 est.
720 2581 769 2644 Ita
787 2580 903 2646 Cicero
921 2579 1005 2669 (pro
1020 2583 1138 2666 Goelio,

67 2688 118 2776 4)
138 2686 297 2750 virtutum
314 2708 383 2749 non
399 2707 545 2776 expressa
563 2685 670 2774 signa,
693 2685 751 2750 sed
765 2685 956 2754 adumbrata
970 2684 1066 2769 dixit,
1086 2689 1138 2754 in·

70 2793 220 2882 telligens
235 2791 362 2886 virtutis
378 2791 649 2880 qualemcumque
670 2792 830 2880 speciem,
857 2814 925 2856 nou
943 2790 1138 2879 perfectam,

68 2917 104 2966 ct
114 2896 261 2965 solidam.
276 2896 377 2981 Quod
394 2897 502 2985 itaque
515 2899 617 2960 visum
633 2896 885 2986 comprehensum
899 2891 998 2966 Stoici
1010 2917 1139 2984 expres·

66 3031 140 3091 snm
155 3027 225 3071 esse
242 2988 365 3068 debere
377 3002 509 3085 dicunt,
526 2999 561 3066 id
574 3025 642 3068 non
656 3019 706 3068 est
720 3002 766 3066 rei
781 3022 881 3066 sensae
895 3001 1139 3090 qualiscumque

67 3114 199 3200 imago,
216 3107 306 3172 mdis
325 3107 377 3172 illa
393 3122 426 3172 et
442 3105 649 3194 imperfecta,
670 3105 726 3172 sed
743 3105 923 3195 placerem
939 3121 1041 3179 totam
1059 3109 1139 3174 refe·

67 3240 164 3299 rens,
181 3229 280 3304 atque
297 3214 359 3279 alte
374 3213 408 3277 in
426 3215 573 3278 animum
588 3209 770 3303 penetrans.
795 3211 900 3276 Debet
915 3211 1014 3302 igitur
1033 3215 1137 3279 nisum

68 3340 104 3388 et
119 3325 228 3410 imago
246 3321 281 3384 in
298 3319 407 3384 animo
426 3318 577 3400 excitata,
594 3341 663 3382 rem
682 3316 770 3385 unde
786 3333 857 3382 orta
873 3331 921 3381 est
936 3317 980 3380 ita
997 3316 1156 3405 referre„

67 3445 195 3493 utnon
213 3424 357 3517 depicta,
375 3421 433 3488 sed
449 3423 540 3512 quasi
556 3445 607 3488 res
627 3423 725 3488 altera
743 3445 812 3487 esse
827 3420 983 3488 videatur.

115 3535 222 3598 Porro
239 3530 328 3595 addit
345 3530 478 3612 Cicero,
493 3528 600 3618 qualis
611 3552 673 3593 esse
685 3553 749 3592 nort
757 3541 865 3617 posset
875 3551 966 3592 exeo
983 3530 1065 3594 unde
1075 3555 1138 3597 non
1221 3563 1225 3570 ·

66 3655 158 3708 esset.
178 3639 243 3704 Hic
262 3653 312 3702 est
328 3638 402 3702 fons
421 3634 545 3701 dissidii
561 3652 659 3724 atque
675 3636 893 3700 contentionis
914 3637 999 3702 inter
1019 3637 1139 3705 Stoicos

68 3765 104 3814 et
114 3745 337 3812 Academicos.
352 3741 478 3831 Nempe
488 3741 587 3806 Stoici
599 3740 775 3822 docebant,
790 3763 857 3804 non
870 3743 976 3806 solum
985 3765 1137 3810 verorum

72 3855 213 3914 visorum
231 3869 301 3912 esse
317 3858 408 3909 notas
422 3845 543 3932 aliquas
555 3849 714 3924 internas,
726 3843 961 3932 propriumque
977 3846 1137 3911 sentiendi

69 3955 229 4035 modum,
249 3975 316 4041 quo
333 3950 594 4018 discernerenmr
615 3973 634 4013 a
654 3948 754 4030 salsis,
779 3971 892 4012 verum
915 3951 1010 4014 etiam
1028 3974 1137 4016 rerum

68 4055 289 4151 quarumdam
306 4055 460 4146 imagines
476 4056 520 4120 its
536 4055 570 4118 in
587 4077 647 4119 suo
664 4075 781 4142 genere
799 4076 897 4138 unas,
917 4071 950 4120 et
962 4056 1137 4144 singulares

959 4181 1015 4253 29.
