2716 4686
301 379 338 448 P.
364 375 603 450 VALENTIAE
623 379 903 451 *ACADEMth
1069 379 1136 452 103

71 499 142 566 dem
160 498 298 580 forme,
315 520 392 562 cum
408 499 506 590 longo
524 501 640 566 itinere
665 499 790 566 defesso
812 517 911 588 atque
934 499 1090 590 languido
1105 518 1139 566 et

66 605 191 686 jamjam
207 620 421 670 evanescente
436 622 565 694 spectro
587 627 649 670 sno
669 627 738 671 esse
756 605 929 686 existimet,
964 605 1138 694 opinione,

70 733 130 802 non
154 733 256 774 sensu
278 708 465 798 decipiatur.
493 711 642 798 Namque
665 726 699 776 et
722 711 859 776 ualidam
885 711 957 799 quis
980 720 1153 782 vocem-e

69 817 248 908 longinquo
264 813 306 880 ad
322 839 356 882 se
372 815 529 901 delatam,
545 818 591 901 si,
607 819 656 892 uti
668 839 769 885 sensu
782 818 938 907 percipit,
954 819 1068 886 exilem
1080 842 1140 908 pu·

67 938 126 1006 tet3
139 923 228 1014 ipse,
252 944 322 988 non
341 943 473 1006 uatus,
487 923 639 991 aberret:
659 943 803 1019 namque
824 945 957 1007 sensus,
973 925 1023 996 uti
1046 923 1088 992 ad
1103 947 1138 993 se

68 1027 168 1094 delata
186 1043 258 1109 est,
279 1027 366 1095 illam
381 1028 577 1116 excepit,et
594 1027 731 1095 fideliter
752 1030 1002 1116 repraesentavit.
1030 1033 1138 1118 Atque

66 1133 122 1200 hac
134 1131 251 1198 eadem
270 1133 483 1221 responsione
502 1136 536 1198 in
559 1135 635 1210 solis
649 1149 876 1222 astrorumque
892 1134 1138 1223 magnitudine,

67 1237 225 1326 Epicurus
246 1239 294 1312 nti
308 1239 431 1326 potuit,
450 1263 510 1306 nec
530 1239 635 1305 risum
654 1240 705 1304 sui
722 1239 959 1314 Mathematicis
976 1257 1010 1306 et
1027 1240 1139 1312 Philo-

65 1344 346 1433 aophisomnilms
362 1345 481 1418 laone.
499 1346 639 1425 Tamen,
660 1361 876 1434 preterquam
893 1345 986 1434 quod
1006 1367 1135 1412 acorn-

66 1448 210 1538 plun'bus
227 1472 305 1516 cum
329 1451 484 1516 Cicerone
507 1469 557 1522 est
574 1450 749 1532 traditum,
769 1452 870 1540 ipsius
888 1453 1021 1541 Epicuri
1039 1452 1137 1518 verba

65 1577 101 1620 ex
123 1556 262 1646 epistola
285 1556 327 1620 ad
352 1557 559 1646 Pythoclem,
581 1574 615 1624 et
637 1581 678 1628 ex
699 1557 875 1632 undecimo
895 1558 939 1628 de
962 1559 1092 1626 Natura
1118 1581 1137 1622 a

66 1661 208 1750 Diogene
223 1661 354 1728 laertio
371 1663 534 1752 Epicureo
551 1664 667 1748 relata,
684 1664 983 1752 interpretationem
1004 1687 1070 1736 non
1085 1663 1139 1728 ad·

66 1768 206 1834 rinmunt.
238 1768 367 1837 Diserte
395 1769 485 1836 enim
515 1769 673 1850 affirmat,
705 1784 793 1844 tanta
820 1791 891 1842 esse
917 1785 1002 1834 astra
1027 1770 1137 1834 omnia

65 1890 180 1959 quanta
192 1873 385 1957 videantur,
401 1892 459 1944 ant
477 1876 597 1956 majora
619 1876 752 1963 paull05
777 1873 954 1962 adjicitque
965 1874 1135 1942 ridiculam

65 1981 243 2060 rationem,
261 2002 330 2043 non
339 1981 491 2046 amissam
503 1982 564 2048 illis
581 1981 751 2050 intervallo
766 1979 1026 2070 magnitudinem
1036 2003 1137 2068 quan·

65 2081 241 2172 doquidem
260 2105 323 2150 nec
348 2079 501 2150 colorem
523 2087 646 2152 Verum
670 2085 832 2150 sententia
857 2085 927 2150 haec
950 2085 1135 2150 innumeris
1188 2150 1192 2161 ,

65 2190 297 2280 perspicuitatis
310 2189 558 2266 evidentissimis
576 2190 769 2256 testimoniis
784 2191 931 2256 convicta
947 2189 1134 2272 damnatur,

65 2295 270 2368 ctaxsibilata
286 2295 500 2385 exploditura
516 2295 690 2370 Cleomede
700 2297 746 2386 (ι)
763 2297 874 2364 Stoico
890 2297 1135 2383 (Stoicuseuim

66 2401 163 2485 istst,
180 2419 221 2468 ut
235 2403 397 2490 apparet).

104 2508 155 2572 83.
169 2510 311 2579 Causam
323 2531 416 2590 vero,
430 2531 490 2572 cur
505 2507 618 2578 eadem
632 2509 701 2574 aliis
716 2507 849 2598 frigida,
863 2508 933 2574 aliis
948 2507 1051 2574 calida
1061 2531 1134 2574 san·

66 2611 199 2695 tiantur,
226 2613 312 2678 hanc
331 2614 403 2680 illos
422 2614 584 2703 assignare
600 2615 713 2690 solitos
733 2613 928 2690 Plutarchus
946 2613 993 2702 (a)
1011 2613 1132 2680 refert:
1250 2623 1256 2638 ·

64 2718 192 2810 Singula
208 2719 398 2788 diremisse
415 2721 584 2792 contrariis
605 2721 818 2810 qualitatibus
833 2737 997 2804 constare,
1017 2720 1134 2794 multa?

65 2847 122 2912 quc
134 2849 174 2890 ac
184 2825 249 2892 sibi
261 2827 437 2916 pugnantia
446 2827 479 2892 in
489 2849 686 2915 unaquaque
702 2851 737 2892 re
753 2827 928 2897 commixta
940 2842 974 2896 et
985 2825 1133 2915 colligata

67 2932 175 2998 teneri.
191 2932 375 2999 Hominum
390 2955 522 3021 qunque
538 2955 652 3006 sensus
669 2933 756 3004 varia
775 2935 903 2999 ratione
918 2947 1132 3020 temperatos,
1243 3011 1255 3022 ,

64 3039 146 3104 raris
163 3039 262 3104 etiam
277 3037 379 3104 modo·
395 3038 436 3105 ad
451 3061 502 3105 res
517 3038 757 3107 accommodari
777 3056 875 3128 atque
891 3037 1062 3127 applicari,
1086 3037 1132 3102 ita

65 3159 98 3208 ut
112 3167 219 3231 quum
231 3143 313 3214 alins
324 3141 471 3214 eamdem
480 3165 550 3216 rem
563 3159 693 3234 tangat,
706 3160 762 3212 aut
776 3143 890 3232 quovis
904 3164 1003 3210 sensu
1018 3163 1132 3230 appre-

64 3247 196 3334 hendat,
219 3249 418 3324 peneadem
432 3251 534 3332 illius,
554 3273 634 3342 quas
657 3251 754 3330 alius,
771 3267 878 3340 partes
895 3249 1042 3337 attingat.
1066 3247 1131 3314 Sed

65 3371 155 3441 prout
174 3379 292 3420 sensus
308 3355 349 3420 ad
364 3379 433 3420 rem
449 3372 673 3446 temperaturae
689 3357 822 3437 habeat,
845 3357 891 3420 ita
909 3354 987 3422 alias
1004 3371 1037 3418 et
1056 3354 1131 3420 alias

65 3459 200 3540 eiusdem
218 3463 266 3528 rei
282 3478 389 3550 partes
406 3479 442 3530 et
456 3462 626 3529 facultates
640 3479 750 3554 tangat
766 3479 798 3528 et
816 3463 970 3551 excipiat:
987 3461 1086 3528 veluti
1104 3460 1131 3524 si

67 3587 101 3632 ex
121 3567 211 3642 lente
229 3568 363 3656 aliquo,
382 3569 415 3642 in
434 3591 501 3657 quo
518 3569 701 3640 multorum
719 3591 875 3660 generum
893 3591 945 3634 res
965 3567 1132 3656 permixta
1217 3601 1225 3614 ν

66 3673 303 3752 (ontineantur,
319 3673 475 3745 accedens
491 3675 573 3742 alius
593 3674 681 3740 aliud
698 3676 834 3743 hauriat.
851 3676 927 3742 Non
945 3696 1015 3740 esse
1030 3673 1132 3761 igitur

67 3778 147 3862 quod
165 3782 242 3868 quis
266 3781 404 3845 aliorum
430 3803 544 3846 sensus
570 3781 719 3864 damnet,
743 3798 801 3846 aut
828 3779 999 3845 mendaces
1025 3779 1134 3858 dicat,
1201 3824 1205 3842 2

67 3884 147 3968 quod
172 3909 241 3953 non
272 3909 329 3968 eo,
350 3909 419 3974 quo
443 3889 512 3978 ipse
540 3888 661 3970 modo,
684 3889 724 3954 ab
744 3887 854 3954 eadem
877 3910 912 3953 re
933 3883 1136 3964 afficiantur3

93 4025 130 4090 (ι)
145 4031 205 4081 tu».
215 4033 242 4079 n
253 4029 482 4095 &memnona
493 4031 740 4082 atramentarium.

94 4113 131 4180 (a)
148 4121 241 4169 Contra
256 4117 378 4168 Coloten.
456 4166 459 4172 .
