<?xml version="1.0" encoding="UTF-8"?>
<!DOCTYPE html PUBLIC "-//W3C//DTD XHTML 1.0 Transitional//EN"
    "http://www.w3.org/TR/xhtml1/DTD/xhtml1-transitional.dtd">
<html xmlns="http://www.w3.org/1999/xhtml" xml:lang="en" lang="en">
 <head>
  <title>
</title>
<meta http-equiv="Content-Type" content="text/html;charset=utf-8" />
  <meta name='ocr-system' content='tesseract 3.04.00' />
  <meta name='ocr-capabilities' content='ocr_page ocr_carea ocr_par ocr_line ocrx_word'/>
</head>
<body>
  <div class='ocr_page' id='page_1' title='image "./mtciceronisquae01lemagoog_0054.png"; bbox 0 0 2770 4688; ppageno 0'>
   <div class='ocr_carea' id='block_1_1' title="bbox 242 353 1323 3205">
    <p class='ocr_par' dir='ltr' id='par_1_1' title="bbox 242 353 1323 3205">
     <span class='ocr_line' id='line_1_1' title="bbox 244 353 1152 444; baseline -0.004 -17"><span class='ocrx_word' id='word_1_1' title='bbox 244 359 291 444; x_wconf 72' lang='lat'>34</span> <span class='ocrx_word' id='word_1_2' title='bbox 627 353 948 424; x_wconf 75' lang='lat' dir='ltr'>[ltTltODUcrto.</span> <span class='ocrx_word' id='word_1_3' title='bbox 1151 431 1152 436; x_wconf 8' lang='grc' dir='ltr'>ἵ</span> 
     </span>
     <span class='ocr_line' id='line_1_2' title="bbox 244 471 1314 564; baseline -0.008 -17"><span class='ocrx_word' id='word_1_4' title='bbox 244 478 397 546; x_wconf 80' lang='lat' dir='ltr'>convenit</span> <span class='ocrx_word' id='word_1_5' title='bbox 409 475 466 563; x_wconf 85' lang='lat' dir='ltr'>(r).</span> <span class='ocrx_word' id='word_1_6' title='bbox 487 474 550 540; x_wconf 77' lang='lat' dir='ltr'>«ln</span> <span class='ocrx_word' id='word_1_7' title='bbox 569 489 743 563; x_wconf 81' lang='lat' dir='ltr'>utramque</span> <span class='ocrx_word' id='word_1_8' title='bbox 760 491 884 564; x_wconf 82' lang='lat' dir='ltr'>portem</span> <span class='ocrx_word' id='word_1_9' title='bbox 900 495 977 541; x_wconf 87' lang='lat' dir='ltr'>eam</span> <span class='ocrx_word' id='word_1_10' title='bbox 994 471 1152 540; x_wconf 80' lang='lat' dir='ltr'>disserere</span> <span class='ocrx_word' id='word_1_11' title='bbox 1163 471 1314 556; x_wconf 81' lang='lat' dir='ltr'>solitum,</span> 
     </span>
     <span class='ocr_line' id='line_1_3' title="bbox 244 579 1316 673; baseline -0.006 -21"><span class='ocrx_word' id='word_1_12' title='bbox 244 605 282 652; x_wconf 90' lang='lat' dir='ltr'>ut</span> <span class='ocrx_word' id='word_1_13' title='bbox 301 607 404 673; x_wconf 88' lang='lat' dir='ltr'>quum</span> <span class='ocrx_word' id='word_1_14' title='bbox 423 583 457 646; x_wconf 89' lang='lat' dir='ltr'>in</span> <span class='ocrx_word' id='word_1_15' title='bbox 476 579 589 646; x_wconf 83' lang='lat' dir='ltr'>eadem</span> <span class='ocrx_word' id='word_1_16' title='bbox 609 605 662 663; x_wconf 87' lang='lat' dir='ltr'>re,</span> <span class='ocrx_word' id='word_1_17' title='bbox 682 581 808 669; x_wconf 90' lang='lat' dir='ltr'>inquit,</span> <span class='ocrx_word' id='word_1_18' title='bbox 828 581 916 672; x_wconf 84' lang='lat' dir='ltr'>paria</span> <span class='ocrx_word' id='word_1_19' title='bbox 932 581 1100 646; x_wconf 74' lang='lat' dir='ltr'><strong>contrariis</strong></span> <span class='ocrx_word' id='word_1_20' title='bbox 1118 583 1153 646; x_wconf 88' lang='lat' dir='ltr'>in</span> <span class='ocrx_word' id='word_1_21' title='bbox 1171 581 1316 670; x_wconf 86' lang='lat' dir='ltr'>partibus</span> 
     </span>
     <span class='ocr_line' id='line_1_4' title="bbox 243 687 1316 777; baseline -0.006 -19"><span class='ocrx_word' id='word_1_22' title='bbox 243 707 409 760; x_wconf 84' lang='lat' dir='ltr'>momenta</span> <span class='ocrx_word' id='word_1_23' title='bbox 425 688 587 754; x_wconf 58' lang='lat' dir='ltr'>monum</span> <span class='ocrx_word' id='word_1_24' title='bbox 607 687 847 765; x_wconf 84' lang='lat' dir='ltr'>invenirentur,</span> <span class='ocrx_word' id='word_1_25' title='bbox 870 687 993 752; x_wconf 79' lang='lat' dir='ltr'>facilius</span> <span class='ocrx_word' id='word_1_26' title='bbox 1010 687 1050 753; x_wconf 86' lang='lat' dir='ltr'>ab</span> <span class='ocrx_word' id='word_1_27' title='bbox 1068 703 1207 774; x_wconf 84' lang='lat' dir='ltr'>utraque</span> <span class='ocrx_word' id='word_1_28' title='bbox 1226 705 1316 777; x_wconf 89' lang='lat' dir='ltr'>parte</span> 
     </span>
     <span class='ocr_line' id='line_1_5' title="bbox 243 793 1315 881; baseline -0.006 -19"><span class='ocrx_word' id='word_1_29' title='bbox 243 797 386 868; x_wconf 83' lang='lat' dir='ltr'>assensio</span> <span class='ocrx_word' id='word_1_30' title='bbox 405 793 626 860; x_wconf 78' lang='lat' dir='ltr'><strong>sustineretur.</strong></span> <span class='ocrx_word' id='word_1_31' title='bbox 642 823 655 848; x_wconf 84' lang='lat'><strong>·</strong></span> <span class='ocrx_word' id='word_1_32' title='bbox 672 793 774 880; x_wconf 90' lang='lat' dir='ltr'>Atqui</span> <span class='ocrx_word' id='word_1_33' title='bbox 789 793 858 858; x_wconf 76' lang='lat' dir='ltr'>lunc</span> <span class='ocrx_word' id='word_1_34' title='bbox 875 794 1016 881; x_wconf 83' lang='lat' dir='ltr'>scaptica</span> <span class='ocrx_word' id='word_1_35' title='bbox 1031 815 1094 858; x_wconf 82' lang='lat' dir='ltr'>vox</span> <span class='ocrx_word' id='word_1_36' title='bbox 1112 809 1179 873; x_wconf 86' lang='lat' dir='ltr'>est,</span> <span class='ocrx_word' id='word_1_37' title='bbox 1197 823 1211 848; x_wconf 75' lang='grc' dir='ltr'>ι</span> <span class='ocrx_word' id='word_1_38' title='bbox 1225 797 1315 858; x_wconf 89' lang='lat' dir='ltr'>omni</span> 
     </span>
     <span class='ocr_line' id='line_1_6' title="bbox 242 898 1315 986; baseline -0.005 -19"><span class='ocrx_word' id='word_1_39' title='bbox 242 903 360 970; x_wconf 88' lang='lat' dir='ltr'>rationi</span> <span class='ocrx_word' id='word_1_40' title='bbox 385 900 466 966; x_wconf 83' lang='lat' dir='ltr'>ratio</span> <span class='ocrx_word' id='word_1_41' title='bbox 489 898 550 966; x_wconf 86' lang='lat' dir='ltr'>alia</span> <span class='ocrx_word' id='word_1_42' title='bbox 573 898 703 985; x_wconf 75' lang='lat' dir='ltr'>aequalia</span> <span class='ocrx_word' id='word_1_43' title='bbox 726 899 863 964; x_wconf 78' lang='lat' dir='ltr'>obstat·</span> <span class='ocrx_word' id='word_1_44' title='bbox 886 921 894 964; x_wconf 75' lang='grc' dir='ltr'>ι</span> <span class='ocrx_word' id='word_1_45' title='bbox 921 921 985 986; x_wconf 88' lang='lat' dir='ltr'>qua</span> <span class='ocrx_word' id='word_1_46' title='bbox 1008 920 1088 964; x_wconf 80' lang='lat' dir='ltr'>voce</span> <span class='ocrx_word' id='word_1_47' title='bbox 1113 921 1182 962; x_wconf 90' lang='lat' dir='ltr'>non</span> <span class='ocrx_word' id='word_1_48' title='bbox 1209 899 1315 962; x_wconf 84' lang='lat' dir='ltr'>solum</span> 
     </span>
     <span class='ocr_line' id='line_1_7' title="bbox 243 1003 1315 1096; baseline -0.007 -20"><span class='ocrx_word' id='word_1_49' title='bbox 243 1005 507 1096; x_wconf 71' lang='lat' dir='ltr'>comprehensio,</span> <span class='ocrx_word' id='word_1_50' title='bbox 523 1003 581 1072; x_wconf 89' lang='lat' dir='ltr'>sed</span> <span class='ocrx_word' id='word_1_51' title='bbox 596 1019 628 1070; x_wconf 88' lang='lat' dir='ltr'>et</span> <span class='ocrx_word' id='word_1_52' title='bbox 643 1004 853 1092; x_wconf 67' lang='lat' dir='ltr'>probabilitas</span> <span class='ocrx_word' id='word_1_53' title='bbox 866 1005 975 1072; x_wconf 87' lang='lat' dir='ltr'>omnis</span> <span class='ocrx_word' id='word_1_54' title='bbox 991 1005 1157 1070; x_wconf 78' lang='lat' dir='ltr'>evertitur.</span> <span class='ocrx_word' id='word_1_55' title='bbox 1178 1004 1213 1071; x_wconf 90' lang='lat' dir='ltr'>Si</span> <span class='ocrx_word' id='word_1_56' title='bbox 1230 1004 1315 1068; x_wconf 85' lang='lat' dir='ltr'>enirn</span> 
     </span>
     <span class='ocr_line' id='line_1_8' title="bbox 243 1111 1316 1204; baseline -0.007 -24"><span class='ocrx_word' id='word_1_57' title='bbox 243 1137 303 1204; x_wconf 89' lang='lat' dir='ltr'>pro</span> <span class='ocrx_word' id='word_1_58' title='bbox 322 1115 477 1180; x_wconf 85' lang='lat' dir='ltr'>alterutra</span> <span class='ocrx_word' id='word_1_59' title='bbox 493 1125 584 1198; x_wconf 80' lang='lat' dir='ltr'>parte</span> <span class='ocrx_word' id='word_1_60' title='bbox 601 1111 731 1198; x_wconf 67' lang='lat' dir='ltr'>equalis</span> <span class='ocrx_word' id='word_1_61' title='bbox 751 1112 911 1178; x_wconf 81' lang='lat' dir='ltr'>momenti</span> <span class='ocrx_word' id='word_1_62' title='bbox 929 1111 1070 1175; x_wconf 84' lang='lat' dir='ltr'>rationes</span> <span class='ocrx_word' id='word_1_63' title='bbox 1090 1125 1316 1189; x_wconf 73' lang='lat' dir='ltr'>amusement,</span> 
     </span>
     <span class='ocr_line' id='line_1_9' title="bbox 246 1215 1317 1302; baseline -0.006 -16"><span class='ocrx_word' id='word_1_64' title='bbox 246 1235 363 1286; x_wconf 83' lang='lat' dir='ltr'>neutra</span> <span class='ocrx_word' id='word_1_65' title='bbox 376 1233 426 1282; x_wconf 85' lang='lat' dir='ltr'>est</span> <span class='ocrx_word' id='word_1_66' title='bbox 443 1216 543 1282; x_wconf 82' lang='lat' dir='ltr'>altera</span> <span class='ocrx_word' id='word_1_67' title='bbox 558 1215 763 1302; x_wconf 78' lang='lat' dir='ltr'>probabilior.</span> <span class='ocrx_word' id='word_1_68' title='bbox 788 1217 913 1282; x_wconf 86' lang='lat' dir='ltr'>Tamen</span> <span class='ocrx_word' id='word_1_69' title='bbox 931 1216 1180 1282; x_wconf 87' lang='lat' dir='ltr'>Ciceronianum</span> <span class='ocrx_word' id='word_1_70' title='bbox 1194 1215 1260 1280; x_wconf 90' lang='lat' dir='ltr'>hoc</span> <span class='ocrx_word' id='word_1_71' title='bbox 1279 1215 1317 1280; x_wconf 93' lang='lat' dir='ltr'>de</span> 
     </span>
     <span class='ocr_line' id='line_1_10' title="bbox 246 1321 1316 1410; baseline -0.006 -20"><span class='ocrx_word' id='word_1_72' title='bbox 246 1325 387 1396; x_wconf 83' lang='lat' dir='ltr'>Arcesila</span> <span class='ocrx_word' id='word_1_73' title='bbox 412 1344 488 1386; x_wconf 91' lang='lat' dir='ltr'>cum</span> <span class='ocrx_word' id='word_1_74' title='bbox 511 1343 567 1403; x_wconf 89' lang='lat' dir='ltr'>eo,</span> <span class='ocrx_word' id='word_1_75' title='bbox 590 1321 681 1410; x_wconf 87' lang='lat' dir='ltr'>quod</span> <span class='ocrx_word' id='word_1_76' title='bbox 706 1321 747 1388; x_wconf 87' lang='lat' dir='ltr'>de</span> <span class='ocrx_word' id='word_1_77' title='bbox 769 1323 932 1389; x_wconf 84' lang='lat' dir='ltr'>veteribus</span> <span class='ocrx_word' id='word_1_78' title='bbox 952 1321 1151 1388; x_wconf 71' lang='lat' dir='ltr'>Academicis</span> <span class='ocrx_word' id='word_1_79' title='bbox 1176 1322 1316 1386; x_wconf 79' lang='lat' dir='ltr'>Galentn</span> 
     </span>
     <span class='ocr_line' id='line_1_11' title="bbox 246 1425 1317 1517; baseline -0.006 -21"><span class='ocrx_word' id='word_1_80' title='bbox 246 1431 375 1511; x_wconf 79' lang='lat' dir='ltr'>scribit,</span> <span class='ocrx_word' id='word_1_81' title='bbox 393 1428 468 1494; x_wconf 78' lang='lat' dir='ltr'>satis</span> <span class='ocrx_word' id='word_1_82' title='bbox 485 1425 671 1492; x_wconf 86' lang='lat' dir='ltr'>concordat.</span> <span class='ocrx_word' id='word_1_83' title='bbox 696 1427 748 1494; x_wconf 90' lang='lat' dir='ltr'>Ait</span> <span class='ocrx_word' id='word_1_84' title='bbox 766 1428 897 1496; x_wconf 86' lang='lat' dir='ltr'>enimis</span> <span class='ocrx_word' id='word_1_85' title='bbox 924 1426 987 1515; x_wconf 83' lang='lat' dir='ltr'>(a),</span> <span class='ocrx_word' id='word_1_86' title='bbox 1006 1425 1260 1517; x_wconf 84' lang='lat' dir='ltr'>disputationem</span> <span class='ocrx_word' id='word_1_87' title='bbox 1283 1429 1317 1490; x_wconf 89' lang='lat' dir='ltr'>in</span> 
     </span>
     <span class='ocr_line' id='line_1_12' title="bbox 247 1532 1319 1622; baseline -0.006 -19"><span class='ocrx_word' id='word_1_88' title='bbox 247 1553 420 1622; x_wconf 82' lang='lat' dir='ltr'>utramque</span> <span class='ocrx_word' id='word_1_89' title='bbox 434 1549 560 1622; x_wconf 87' lang='lat' dir='ltr'>partem</span> <span class='ocrx_word' id='word_1_90' title='bbox 573 1532 607 1598; x_wconf 91' lang='lat' dir='ltr'>in</span> <span class='ocrx_word' id='word_1_91' title='bbox 623 1532 770 1621; x_wconf 85' lang='lat' dir='ltr'>epochen</span> <span class='ocrx_word' id='word_1_92' title='bbox 785 1533 932 1600; x_wconf 76' lang='lat' dir='ltr'>desinere</span> <span class='ocrx_word' id='word_1_93' title='bbox 945 1557 965 1600; x_wconf 84' lang='lat' dir='ltr'>a</span> <span class='ocrx_word' id='word_1_94' title='bbox 976 1533 1141 1598; x_wconf 82' lang='lat' dir='ltr'>ueteribus</span> <span class='ocrx_word' id='word_1_95' title='bbox 1153 1533 1319 1598; x_wconf 82' lang='lat' dir='ltr'>Academi·</span> 
     </span>
     <span class='ocr_line' id='line_1_13' title="bbox 244 1638 1318 1729; baseline -0.002 -23"><span class='ocrx_word' id='word_1_96' title='bbox 244 1643 290 1708; x_wconf 85' lang='lat' dir='ltr'>cis</span> <span class='ocrx_word' id='word_1_97' title='bbox 299 1641 522 1708; x_wconf 83' lang='lat' dir='ltr'>existimatam.</span> <span class='ocrx_word' id='word_1_98' title='bbox 533 1640 628 1708; x_wconf 83' lang='lat' dir='ltr'>Certe</span> <span class='ocrx_word' id='word_1_99' title='bbox 637 1640 802 1706; x_wconf 87' lang='lat' dir='ltr'>rationum</span> <span class='ocrx_word' id='word_1_100' title='bbox 811 1639 966 1729; x_wconf 86' lang='lat' dir='ltr'>pondera,</span> <span class='ocrx_word' id='word_1_101' title='bbox 978 1638 1069 1728; x_wconf 89' lang='lat' dir='ltr'>quod</span> <span class='ocrx_word' id='word_1_102' title='bbox 1077 1641 1318 1728; x_wconf 75' lang='lat' dir='ltr'>perceptionem</span> 
     </span>
     <span class='ocr_line' id='line_1_14' title="bbox 245 1743 1319 1838; baseline -0.004 -24"><span class='ocrx_word' id='word_1_103' title='bbox 245 1745 589 1838; x_wconf 72' lang='lat' dir='ltr'>spectat,Aoedem&#39;rcis</span> <span class='ocrx_word' id='word_1_104' title='bbox 598 1745 688 1834; x_wconf 84' lang='lat' dir='ltr'>paria</span> <span class='ocrx_word' id='word_1_105' title='bbox 693 1744 898 1826; x_wconf 85' lang='lat' dir='ltr'>judicantur:</span> <span class='ocrx_word' id='word_1_106' title='bbox 909 1743 1050 1834; x_wconf 88' lang='lat' dir='ltr'>quodad</span> <span class='ocrx_word' id='word_1_107' title='bbox 1062 1745 1319 1834; x_wconf 73' lang='lat' dir='ltr'>probabilitatem</span> 
     </span>
     <span class='ocr_line' id='line_1_15' title="bbox 246 1849 1320 1941; baseline -0.003 -22"><span class='ocrx_word' id='word_1_108' title='bbox 246 1853 409 1941; x_wconf 82' lang='lat' dir='ltr'>[idemque</span> <span class='ocrx_word' id='word_1_109' title='bbox 421 1849 602 1918; x_wconf 71' lang='lat' dir='ltr'>bciendanr</span> <span class='ocrx_word' id='word_1_110' title='bbox 610 1851 743 1934; x_wconf 83' lang='lat' dir='ltr'>attinet,</span> <span class='ocrx_word' id='word_1_111' title='bbox 755 1851 822 1918; x_wconf 86' lang='lat' dir='ltr'>aliae</span> <span class='ocrx_word' id='word_1_112' title='bbox 832 1852 901 1918; x_wconf 86' lang='lat' dir='ltr'>aliis</span> <span class='ocrx_word' id='word_1_113' title='bbox 912 1851 1091 1918; x_wconf 87' lang='lat' dir='ltr'>rationibus</span> <span class='ocrx_word' id='word_1_114' title='bbox 1101 1853 1320 1939; x_wconf 75' lang='lat' dir='ltr'>praeferuntur</span> 
     </span>
     <span class='ocr_line' id='line_1_16' title="bbox 246 1957 1319 2046; baseline -0.002 -22"><span class='ocrx_word' id='word_1_115' title='bbox 246 1960 425 2046; x_wconf 62' lang='lat' dir='ltr'>maiorique</span> <span class='ocrx_word' id='word_1_116' title='bbox 450 1958 485 2022; x_wconf 89' lang='lat' dir='ltr'>in</span> <span class='ocrx_word' id='word_1_117' title='bbox 512 1958 618 2046; x_wconf 83' lang='lat' dir='ltr'>pretio</span> <span class='ocrx_word' id='word_1_118' title='bbox 643 1974 730 2024; x_wconf 87' lang='lat' dir='ltr'>sunt.</span> <span class='ocrx_word' id='word_1_119' title='bbox 759 1960 822 2024; x_wconf 75' lang='lat' dir='ltr'>vix</span> <span class='ocrx_word' id='word_1_120' title='bbox 845 1959 950 2038; x_wconf 84' lang='lat' dir='ltr'>enirn,</span> <span class='ocrx_word' id='word_1_121' title='bbox 975 1979 1013 2024; x_wconf 87' lang='lat' dir='ltr'>ac</span> <span class='ocrx_word' id='word_1_122' title='bbox 1041 1979 1083 2022; x_wconf 85' lang='lat' dir='ltr'>ne</span> <span class='ocrx_word' id='word_1_123' title='bbox 1105 1958 1159 2022; x_wconf 76' lang='lat' dir='ltr'>via</span> <span class='ocrx_word' id='word_1_124' title='bbox 1186 1957 1319 2045; x_wconf 90' lang='lat' dir='ltr'>quidem</span> 
     </span>
     <span class='ocr_line' id='line_1_17' title="bbox 247 2062 1321 2150; baseline -0.004 -18"><span class='ocrx_word' id='word_1_125' title='bbox 247 2064 478 2132; x_wconf 78' lang='lat' dir='ltr'>Academicum</span> <span class='ocrx_word' id='word_1_126' title='bbox 495 2086 515 2128; x_wconf 88' lang='lat' dir='ltr'>a</span> <span class='ocrx_word' id='word_1_127' title='bbox 530 2062 714 2150; x_wconf 81' lang='lat' dir='ltr'>Pyrrhonio</span> <span class='ocrx_word' id='word_1_128' title='bbox 731 2062 913 2132; x_wconf 86' lang='lat' dir='ltr'>discernere</span> <span class='ocrx_word' id='word_1_129' title='bbox 931 2063 1062 2145; x_wconf 82' lang='lat' dir='ltr'>liceret,</span> <span class='ocrx_word' id='word_1_130' title='bbox 1079 2063 1106 2127; x_wconf 87' lang='lat' dir='ltr'>si</span> <span class='ocrx_word' id='word_1_131' title='bbox 1123 2086 1184 2128; x_wconf 85' lang='lat' dir='ltr'>uec</span> <span class='ocrx_word' id='word_1_132' title='bbox 1196 2063 1321 2130; x_wconf 84' lang='lat' dir='ltr'>Acade·</span> 
     </span>
     <span class='ocr_line' id='line_1_18' title="bbox 248 2166 1322 2256; baseline -0.002 -22"><span class='ocrx_word' id='word_1_133' title='bbox 248 2171 352 2240; x_wconf 86' lang='lat' dir='ltr'>rnicus</span> <span class='ocrx_word' id='word_1_134' title='bbox 373 2166 552 2256; x_wconf 81' lang='lat' dir='ltr'>quidquam</span> <span class='ocrx_word' id='word_1_135' title='bbox 568 2167 632 2230; x_wconf 91' lang='lat' dir='ltr'>alio</span> <span class='ocrx_word' id='word_1_136' title='bbox 653 2167 855 2255; x_wconf 81' lang='lat' dir='ltr'>probabilius</span> <span class='ocrx_word' id='word_1_137' title='bbox 875 2168 1030 2234; x_wconf 82' lang='lat' dir='ltr'>crederet.</span> <span class='ocrx_word' id='word_1_138' title='bbox 1052 2169 1176 2234; x_wconf 86' lang='lat' dir='ltr'>Verum</span> <span class='ocrx_word' id='word_1_139' title='bbox 1198 2168 1241 2234; x_wconf 92' lang='lat' dir='ltr'>de</span> <span class='ocrx_word' id='word_1_140' title='bbox 1261 2169 1322 2234; x_wconf 89' lang='lat' dir='ltr'>hac</span> 
     </span>
     <span class='ocr_line' id='line_1_19' title="bbox 249 2271 1322 2361; baseline -0.004 -21"><span class='ocrx_word' id='word_1_141' title='bbox 249 2297 284 2340; x_wconf 89' lang='lat' dir='ltr'>re</span> <span class='ocrx_word' id='word_1_142' title='bbox 304 2275 378 2343; x_wconf 83' lang='lat' dir='ltr'>satis</span> <span class='ocrx_word' id='word_1_143' title='bbox 399 2274 501 2341; x_wconf 80' lang='lat' dir='ltr'>multa</span> <span class='ocrx_word' id='word_1_144' title='bbox 524 2271 643 2340; x_wconf 84' lang='lat' dir='ltr'>dicturi</span> <span class='ocrx_word' id='word_1_145' title='bbox 666 2295 790 2340; x_wconf 87' lang='lat' dir='ltr'>sumus.</span> <span class='ocrx_word' id='word_1_146' title='bbox 821 2274 877 2342; x_wconf 87' lang='lat' dir='ltr'>Illa</span> <span class='ocrx_word' id='word_1_147' title='bbox 904 2291 1030 2342; x_wconf 84' lang='lat' dir='ltr'>tannun</span> <span class='ocrx_word' id='word_1_148' title='bbox 1054 2273 1187 2340; x_wconf 84' lang='lat' dir='ltr'>Eusebii</span> <span class='ocrx_word' id='word_1_149' title='bbox 1209 2273 1257 2361; x_wconf 87' lang='lat'>(3)</span> <span class='ocrx_word' id='word_1_150' title='bbox 1281 2273 1322 2337; x_wconf 87' lang='lat' dir='ltr'>de</span> 
     </span>
     <span class='ocr_line' id='line_1_20' title="bbox 250 2377 1322 2468; baseline -0.004 -20"><span class='ocrx_word' id='word_1_151' title='bbox 250 2379 390 2448; x_wconf 84' lang='lat' dir='ltr'>Arcesila</span> <span class='ocrx_word' id='word_1_152' title='bbox 398 2377 565 2462; x_wconf 83' lang='lat' dir='ltr'>addemus,</span> <span class='ocrx_word' id='word_1_153' title='bbox 574 2403 645 2468; x_wconf 84' lang='lat' dir='ltr'>quae</span> <span class='ocrx_word' id='word_1_154' title='bbox 655 2379 697 2444; x_wconf 92' lang='lat' dir='ltr'>de</span> <span class='ocrx_word' id='word_1_155' title='bbox 705 2379 854 2468; x_wconf 88' lang='lat' dir='ltr'>Sceptico</span> <span class='ocrx_word' id='word_1_156' title='bbox 862 2379 1121 2448; x_wconf 82' lang='lat' dir='ltr'>dictavideutur:</span> <span class='ocrx_word' id='word_1_157' title='bbox 1132 2380 1322 2446; x_wconf 76' lang='lat' dir='ltr'>«Polemoni</span> 
     </span>
     <span class='ocr_line' id='line_1_21' title="bbox 250 2485 1323 2575; baseline -0.002 -24"><span class='ocrx_word' id='word_1_158' title='bbox 250 2487 338 2554; x_wconf 79' lang='lat' dir='ltr'>eninr</span> <span class='ocrx_word' id='word_1_159' title='bbox 356 2485 531 2552; x_wconf 76' lang='lat' dir='ltr'>Arcesilam</span> <span class='ocrx_word' id='word_1_160' title='bbox 545 2485 638 2550; x_wconf 84' lang='lat' dir='ltr'>aiunt</span> <span class='ocrx_word' id='word_1_161' title='bbox 656 2485 865 2567; x_wconf 80' lang='lat' dir='ltr'>successisse,</span> <span class='ocrx_word' id='word_1_162' title='bbox 882 2509 980 2575; x_wconf 88' lang='lat' dir='ltr'>quem</span> <span class='ocrx_word' id='word_1_163' title='bbox 998 2487 1161 2552; x_wconf 73' lang='lat' dir='ltr'>memorie</span> <span class='ocrx_word' id='word_1_164' title='bbox 1179 2501 1228 2552; x_wconf 87' lang='lat' dir='ltr'>est</span> <span class='ocrx_word' id='word_1_165' title='bbox 1244 2509 1323 2574; x_wconf 87' lang='lat' dir='ltr'>pro·</span> 
     </span>
     <span class='ocr_line' id='line_1_22' title="bbox 252 2591 1323 2682; baseline -0.005 -21"><span class='ocrx_word' id='word_1_166' title='bbox 252 2591 375 2675; x_wconf 88' lang='lat' dir='ltr'>ditum,</span> <span class='ocrx_word' id='word_1_167' title='bbox 392 2591 510 2656; x_wconf 86' lang='lat' dir='ltr'>relictis</span> <span class='ocrx_word' id='word_1_168' title='bbox 534 2591 678 2658; x_wconf 85' lang='lat' dir='ltr'>Platonis</span> <span class='ocrx_word' id='word_1_169' title='bbox 702 2591 856 2674; x_wconf 81' lang='lat' dir='ltr'>decretis,</span> <span class='ocrx_word' id='word_1_170' title='bbox 874 2593 1076 2682; x_wconf 75' lang='lat' dir='ltr'>peregrinam</span> <span class='ocrx_word' id='word_1_171' title='bbox 1098 2591 1275 2681; x_wconf 75' lang='lat' dir='ltr'>quamdam</span> <span class='ocrx_word' id='word_1_172' title='bbox 1292 2607 1323 2656; x_wconf 84' lang='lat' dir='ltr'>et</span> 
     </span>
     <span class='ocr_line' id='line_1_23' title="bbox 253 2696 1321 2782; baseline -0.003 -18"><span class='ocrx_word' id='word_1_173' title='bbox 253 2721 386 2782; x_wconf 77' lang='lat' dir='ltr'>nonam,</span> <span class='ocrx_word' id='word_1_174' title='bbox 403 2720 458 2780; x_wconf 84' lang='lat' dir='ltr'>ac,</span> <span class='ocrx_word' id='word_1_175' title='bbox 475 2697 525 2764; x_wconf 90' lang='lat' dir='ltr'>uti</span> <span class='ocrx_word' id='word_1_176' title='bbox 541 2713 675 2779; x_wconf 81' lang='lat' dir='ltr'>vocant,</span> <span class='ocrx_word' id='word_1_177' title='bbox 687 2696 869 2772; x_wconf 81' lang='lat' dir='ltr'>secundam</span> <span class='ocrx_word' id='word_1_178' title='bbox 885 2698 1092 2766; x_wconf 80' lang='lat' dir='ltr'>Academiam</span> <span class='ocrx_word' id='word_1_179' title='bbox 1107 2699 1321 2764; x_wconf 86' lang='lat' dir='ltr'>constituisse.</span> 
     </span>
     <span class='ocr_line' id='line_1_24' title="bbox 254 2802 1321 2893; baseline -0.001 -26"><span class='ocrx_word' id='word_1_180' title='bbox 254 2804 378 2868; x_wconf 83' lang='lat' dir='ltr'>Dixisse</span> <span class='ocrx_word' id='word_1_181' title='bbox 389 2804 500 2884; x_wconf 86' lang='lat' dir='ltr'>enirn,</span> <span class='ocrx_word' id='word_1_182' title='bbox 516 2802 549 2866; x_wconf 93' lang='lat' dir='ltr'>iu</span> <span class='ocrx_word' id='word_1_183' title='bbox 567 2803 718 2868; x_wconf 82' lang='lat' dir='ltr'>omnibus</span> <span class='ocrx_word' id='word_1_184' title='bbox 734 2805 954 2886; x_wconf 80' lang='lat' dir='ltr'>assensionem</span> <span class='ocrx_word' id='word_1_185' title='bbox 969 2806 1135 2870; x_wconf 80' lang='lat' dir='ltr'>continere</span> <span class='ocrx_word' id='word_1_186' title='bbox 1151 2820 1321 2893; x_wconf 64' lang='lat' dir='ltr'>oportere:</span> 
     </span>
     <span class='ocr_line' id='line_1_25' title="bbox 255 2907 1322 2999; baseline -0.004 -24"><span class='ocrx_word' id='word_1_187' title='bbox 255 2929 324 2975; x_wconf 84' lang='lat' dir='ltr'>esse</span> <span class='ocrx_word' id='word_1_188' title='bbox 338 2909 425 2974; x_wconf 86' lang='lat' dir='ltr'>euim</span> <span class='ocrx_word' id='word_1_189' title='bbox 439 2907 551 2974; x_wconf 85' lang='lat' dir='ltr'>omnia</span> <span class='ocrx_word' id='word_1_190' title='bbox 560 2908 915 2996; x_wconf 81' lang='lat' dir='ltr'>incomprehensibilia,</span> <span class='ocrx_word' id='word_1_191' title='bbox 930 2911 1139 2999; x_wconf 80' lang='lat' dir='ltr'>rationesque</span> <span class='ocrx_word' id='word_1_192' title='bbox 1152 2932 1213 2998; x_wconf 83' lang='lat' dir='ltr'>pro</span> <span class='ocrx_word' id='word_1_193' title='bbox 1228 2911 1322 2974; x_wconf 89' lang='lat' dir='ltr'>alter-</span> 
     </span>
     <span class='ocr_line' id='line_1_26' title="bbox 256 3007 1322 3101; baseline 0.003 -26"><span class='ocrx_word' id='word_1_194' title='bbox 256 3027 328 3078; x_wconf 87' lang='lat' dir='ltr'>utra</span> <span class='ocrx_word' id='word_1_195' title='bbox 339 3027 430 3101; x_wconf 87' lang='lat' dir='ltr'>parte</span> <span class='ocrx_word' id='word_1_196' title='bbox 443 3011 571 3099; x_wconf 86' lang='lat' dir='ltr'>aequalis</span> <span class='ocrx_word' id='word_1_197' title='bbox 587 3013 763 3078; x_wconf 86' lang='lat' dir='ltr'>momenti:</span> <span class='ocrx_word' id='word_1_198' title='bbox 776 3013 902 3080; x_wconf 84' lang='lat' dir='ltr'>fallaces</span> <span class='ocrx_word' id='word_1_199' title='bbox 914 3007 985 3078; x_wconf 82' lang='lat' dir='ltr'>esse</span> <span class='ocrx_word' id='word_1_200' title='bbox 995 3037 1108 3082; x_wconf 86' lang='lat' dir='ltr'>sensus</span> <span class='ocrx_word' id='word_1_201' title='bbox 1119 3031 1153 3080; x_wconf 89' lang='lat' dir='ltr'>et</span> <span class='ocrx_word' id='word_1_202' title='bbox 1164 3014 1322 3080; x_wconf 86' lang='lat' dir='ltr'>rationem</span> 
     </span>
     <span class='ocr_line' id='line_1_27' title="bbox 257 3115 1093 3205; baseline 0 -23"><span class='ocrx_word' id='word_1_203' title='bbox 257 3139 399 3198; x_wconf 69' lang='lat' dir='ltr'>omuetn,</span> <span class='ocrx_word' id='word_1_204' title='bbox 413 3115 578 3182; x_wconf 81' lang='lat' dir='ltr'>Laudabat</span> <span class='ocrx_word' id='word_1_205' title='bbox 591 3116 691 3205; x_wconf 80' lang='lat' dir='ltr'>igitur</span> <span class='ocrx_word' id='word_1_206' title='bbox 704 3116 836 3184; x_wconf 84' lang='lat' dir='ltr'>Hesiodi</span> <span class='ocrx_word' id='word_1_207' title='bbox 852 3115 977 3184; x_wconf 86' lang='lat' dir='ltr'>dictum</span> <span class='ocrx_word' id='word_1_208' title='bbox 989 3119 1093 3187; x_wconf 88' lang='lat' dir='ltr'>illud:</span> 
     </span>
    </p>
   </div>
   <div class='ocr_carea' id='block_1_2' title="bbox 375 3263 984 3434">
    <p class='ocr_par' dir='ltr' id='par_1_2' title="bbox 375 3263 984 3434">
     <span class='ocr_line' id='line_1_28' title="bbox 375 3263 984 3338; baseline 0.007 -22"><span class='ocrx_word' id='word_1_209' title='bbox 375 3264 519 3335; x_wconf 65' lang='lat' dir='ltr'>Kpldnsrte</span> <span class='ocrx_word' id='word_1_210' title='bbox 529 3263 579 3334; x_wconf 72' lang='grc' dir='ltr'>γὰρ</span> <span class='ocrx_word' id='word_1_211' title='bbox 589 3265 673 3333; x_wconf 61' lang='grc' dir='ltr'><strong>ἔχωσι</strong></span> <span class='ocrx_word' id='word_1_212' title='bbox 687 3265 736 3318; x_wconf 75' lang='lat' dir='ltr'>deal</span> <span class='ocrx_word' id='word_1_213' title='bbox 747 3266 801 3319; x_wconf 76' lang='grc' dir='ltr'>νόον</span> <span class='ocrx_word' id='word_1_214' title='bbox 817 3267 984 3338; x_wconf 71' lang='grc' dir='ltr'>ἀνθρώποισιν.</span> 
     </span>
     <span class='ocr_line' id='line_1_29' title="bbox 398 3371 954 3434; baseline 0.013 -17"><span class='ocrx_word' id='word_1_215' title='bbox 398 3371 549 3434; x_wconf 75' lang='lat' dir='ltr'>Sapientiam</span> <span class='ocrx_word' id='word_1_216' title='bbox 559 3371 624 3420; x_wconf 74' lang='lat' dir='ltr'>mitn</span> <span class='ocrx_word' id='word_1_217' title='bbox 636 3371 671 3418; x_wconf 81' lang='lat' dir='ltr'>dii</span> <span class='ocrx_word' id='word_1_218' title='bbox 683 3371 824 3422; x_wconf 71' lang='lat' dir='ltr'>bominibus</span> <span class='ocrx_word' id='word_1_219' title='bbox 836 3371 954 3424; x_wconf 77' lang='lat' dir='ltr'>celarunt</span> 
     </span>
    </p>
   </div>
   <div class='ocr_carea' id='block_1_3' title="bbox 259 3513 1324 3604">
    <p class='ocr_par' dir='ltr' id='par_1_3' title="bbox 259 3513 1324 3604">
     <span class='ocr_line' id='line_1_30' title="bbox 259 3513 1324 3604; baseline 0.001 -25"><span class='ocrx_word' id='word_1_220' title='bbox 259 3513 373 3582; x_wconf 84' lang='lat' dir='ltr'>Voluit</span> <span class='ocrx_word' id='word_1_221' title='bbox 396 3513 491 3580; x_wconf 80' lang='lat' dir='ltr'>etiam</span> <span class='ocrx_word' id='word_1_222' title='bbox 518 3531 549 3577; x_wconf 85' lang='lat' dir='ltr'>et</span> <span class='ocrx_word' id='word_1_223' title='bbox 572 3514 737 3604; x_wconf 85' lang='lat' dir='ltr'>inopinata</span> <span class='ocrx_word' id='word_1_224' title='bbox 759 3514 906 3604; x_wconf 83' lang='lat' dir='ltr'>quaedam</span> <span class='ocrx_word' id='word_1_225' title='bbox 931 3539 967 3581; x_wconf 87' lang='lat' dir='ltr'>ac</span> <span class='ocrx_word' id='word_1_226' title='bbox 992 3540 1077 3582; x_wconf 87' lang='lat' dir='ltr'>nova</span> <span class='ocrx_word' id='word_1_227' title='bbox 1100 3515 1324 3597; x_wconf 86' lang='lat' dir='ltr'>introducere,</span> 
     </span>
    </p>
   </div>
   <div class='ocr_carea' id='block_1_4' title="bbox 260 3619 1324 3794">
    <p class='ocr_par' dir='ltr' id='par_1_4' title="bbox 260 3619 1324 3794">
     <span class='ocr_line' id='line_1_31' title="bbox 260 3619 1324 3712; baseline 0 -28"><span class='ocrx_word' id='word_1_228' title='bbox 260 3619 359 3710; x_wconf 85' lang='lat' dir='ltr'>(vel)</span> <span class='ocrx_word' id='word_1_229' title='bbox 394 3619 559 3707; x_wconf 85' lang='lat' dir='ltr'>inopinata</span> <span class='ocrx_word' id='word_1_230' title='bbox 585 3619 732 3707; x_wconf 75' lang='lat' dir='ltr'>quaedam</span> <span class='ocrx_word' id='word_1_231' title='bbox 764 3620 915 3712; x_wconf 85' lang='lat' dir='ltr'>dogmata</span> <span class='ocrx_word' id='word_1_232' title='bbox 940 3623 1007 3704; x_wconf 89' lang='lat' dir='ltr'>jam</span> <span class='ocrx_word' id='word_1_233' title='bbox 1037 3625 1182 3688; x_wconf 88' lang='lat' dir='ltr'>obsoleta</span> <span class='ocrx_word' id='word_1_234' title='bbox 1217 3622 1324 3688; x_wconf 90' lang='lat' dir='ltr'>denuo</span> 
     </span>
     <span class='ocr_line' id='line_1_32' title="bbox 263 3743 433 3794; baseline -0.035 0"><span class='ocrx_word' id='word_1_235' title='bbox 263 3743 433 3794; x_wconf 75' lang='lat' dir='ltr'>excitare».</span> 
     </span>
    </p>
   </div>
   <div class='ocr_carea' id='block_1_5' title="bbox 297 3901 988 4150">
    <p class='ocr_par' dir='ltr' id='par_1_5' title="bbox 297 3901 988 4150">
     <span class='ocr_line' id='line_1_33' title="bbox 297 3901 661 3972; baseline 0.003 -19"><span class='ocrx_word' id='word_1_236' title='bbox 297 3903 336 3972; x_wconf 88' lang='lat'>(1)</span> <span class='ocrx_word' id='word_1_237' title='bbox 353 3904 405 3952; x_wconf 86' lang='lat' dir='ltr'>Cic.</span> <span class='ocrx_word' id='word_1_238' title='bbox 415 3901 491 3950; x_wconf 82' lang='lat' dir='ltr'>Acad.</span> <span class='ocrx_word' id='word_1_239' title='bbox 507 3905 605 3968; x_wconf 85' lang='lat' dir='ltr'>l,cap.</span> <span class='ocrx_word' id='word_1_240' title='bbox 620 3906 661 3954; x_wconf 70' lang='grc' dir='ltr'>ιδ.</span> 
     </span>
     <span class='ocr_line' id='line_1_34' title="bbox 298 3980 920 4060; baseline 0.006 -19"><span class='ocrx_word' id='word_1_241' title='bbox 298 3991 335 4060; x_wconf 83' lang='lat' dir='ltr'>(a)</span> <span class='ocrx_word' id='word_1_242' title='bbox 352 3993 392 4040; x_wconf 82' lang='lat' dir='ltr'>De</span> <span class='ocrx_word' id='word_1_243' title='bbox 403 3990 497 4054; x_wconf 80' lang='lat' dir='ltr'>optimo</span> <span class='ocrx_word' id='word_1_244' title='bbox 511 3989 618 4043; x_wconf 85' lang='lat' dir='ltr'>docendi</span> <span class='ocrx_word' id='word_1_245' title='bbox 629 3980 739 4057; x_wconf 70' lang='lat' dir='ltr'>Genese,</span> <span class='ocrx_word' id='word_1_246' title='bbox 757 4011 812 4060; x_wconf 77' lang='lat' dir='ltr'>paq.</span> <span class='ocrx_word' id='word_1_247' title='bbox 822 4003 885 4059; x_wconf 68' lang='lat'>497,</span> <span class='ocrx_word' id='word_1_248' title='bbox 898 4012 920 4045; x_wconf 86' lang='lat' dir='ltr'>a.</span> 
     </span>
     <span class='ocr_line' id='line_1_35' title="bbox 297 4079 988 4150; baseline 0.009 -20"><span class='ocrx_word' id='word_1_249' title='bbox 297 4081 336 4148; x_wconf 81' lang='lat'>(³)</span> <span class='ocrx_word' id='word_1_250' title='bbox 355 4079 543 4144; x_wconf 77' lang='lat' dir='ltr'>Prnp.llr.lib.</span> <span class='ocrx_word' id='word_1_251' title='bbox 558 4081 631 4140; x_wconf 72' lang='lat' dir='ltr'>nv,</span> <span class='ocrx_word' id='word_1_252' title='bbox 643 4099 698 4149; x_wconf 85' lang='lat' dir='ltr'>cap.</span> <span class='ocrx_word' id='word_1_253' title='bbox 708 4087 739 4148; x_wconf 68' lang='lat'>15,</span> <span class='ocrx_word' id='word_1_254' title='bbox 753 4099 809 4150; x_wconf 68' lang='lat' dir='ltr'>pag.</span> <span class='ocrx_word' id='word_1_255' title='bbox 820 4086 908 4148; x_wconf 69' lang='lat' dir='ltr'>pab,c</span> <span class='ocrx_word' id='word_1_256' title='bbox 924 4095 947 4134; x_wconf 80' lang='lat' dir='ltr'>et</span> <span class='ocrx_word' id='word_1_257' title='bbox 962 4085 988 4136; x_wconf 84' lang='lat' dir='ltr'>d.</span> 
     </span>
    </p>
   </div>
   <div class='ocr_carea' id='block_1_6' title="bbox 0 0 1407 4688">
    <p class='ocr_par' dir='ltr' id='par_1_6' title="bbox 0 0 1407 4688">
     <span class='ocr_line' id='line_1_36' title="bbox 0 0 1407 4688; baseline 0 0"><span class='ocrx_word' id='word_1_258' title='bbox 0 0 1407 4688; x_wconf 95' lang='lat' dir='ltr'> </span> 
     </span>
    </p>
   </div>
  </div>
 </body>
</html>
