2776 4668
505 413 695 482 TlMAEUS.
1060 409 1130 484 555

64 555 159 616 quam
167 554 221 594 nos
234 534 353 612 exsequi
368 532 466 611 jussit,
479 533 642 592 conducere
659 530 799 590 videatur.
814 535 945 590 Carrras.
956 533 1132 594 Faciundum

68 645 134 700 est,
147 629 222 692 siin
233 627 342 688 Timaeo
352 645 469 705 quoque
481 625 612 698 videtur,
626 625 711 682 tertio
727 622 929 700 disputationis
942 623 1028 702 hujus
1044 629 1133 704 parti-

66 721 141 800 cipi.
149 718 403 780 TruusNidetur
412 715 718 788 sone.Cmrras.Audi,
726 717 869 788 Socrates,
880 715 982 778 miram
993 717 1111 795 quidem
1123 763 1133 792 ,

68 813 121 872 sed
142 812 257 890 plenam
282 811 410 872 veritatis
436 809 604 879 historiam,
623 829 710 886 quam
730 806 819 866 Solon
842 819 949 888 septem
974 809 1133 888 sapientum

66 900 489 983 sapientissimusrecensebat:
503 901 650 962 eratenim
661 900 836 964 domesticus
846 898 1134 960 admodumamicus·

67 1017 131 1076 que
142 995 282 1076 Dropidis
293 996 394 1074 proavi
408 994 513 1068 nostri,
528 993 607 1072 quod
623 994 653 1052 io
667 993 726 1054 suis
741 991 916 1052 carminibus
927 994 1049 1072 ipsemet
1060 1013 1135 1072 saepe

71 1102 210 1150 testatur:
226 1109 280 1148 avo
294 1101 390 1148 autem
405 1101 506 1146 nostro
522 1087 633 1159 Critiae,
651 1099 683 1144 ut
696 1086 758 1165 ipse
773 1083 858 1146 nobis
871 1105 959 1146 senex
972 1100 1073 1166 postea
1087 1105 1137 1146 re-

69 1180 206 1254 ferebat,
223 1179 396 1259 quandoque
409 1180 540 1239 narravit
552 1199 599 1244 res
612 1191 706 1256 gestas
724 1178 809 1262 hujus
823 1177 905 1238 urbis
919 1178 1135 1250 memorabiles,

69 1275 263 1334 diuturnitate
277 1275 416 1352 temporis
427 1273 634 1350 hominumque
645 1272 763 1332 interitu
773 1271 956 1330 obliteratus:
966 1292 1056 1332 unum
1067 1292 1138 1330 vcro

69 1387 137 1445 prae
146 1367 247 1428 ceteris
262 1367 374 1426 lacinus
384 1366 494 1444 insigne
507 1365 666 1432 recensuit.
680 1365 758 1442 quod
774 1363 858 1424 vobis
870 1385 948 1423 nunc
961 1365 1138 1438 narrandum

70 1481 194 1535 censeo,
208 1474 285 1525 utet
300 1463 353 1522 tibi
364 1482 474 1522 morem
488 1481 636 1540 geramus,
652 1475 681 1520 et
695 1465 784 1520 Deam
792 1503 801 1534 ,
818 1461 865 1520 cui
876 1460 1017 1520 hodierna
1032 1481 1141 1541 pompa

72 1556 172 1614 dicata
184 1567 243 1625 est,
260 1555 315 1614 hac
323 1557 490 1615 narratione
501 1555 583 1634 quasi
593 1553 720 1632 quodam
734 1555 908 1632 hymnorum
923 1567 1024 1628 cantu,
1041 1569 1072 1614 ut
1087 1573 1141 1634 par

72 1661 136 1720 est,
152 1648 339 1708 honoremus.
354 1653 512 1708 sonaim.
529 1653 620 1706 Recte
634 1647 761 1724 loqueris
773 1669 781 1703 :
792 1646 842 1704 sed
852 1646 923 1724 quid
936 1645 1013 1706 istud
1026 1645 1141 1705 tandem

73 1755 134 1814 est,
156 1741 236 1819 quod
254 1742 373 1814 Critias,
385 1761 445 1800 non
458 1741 540 1819 quasi
555 1739 653 1800 verbis
667 1739 861 1818 descriptum,
874 1739 925 1798 sed
938 1741 1020 1817 qnasi
1033 1739 1071 1798 ab
1086 1740 1141 1799 hac

73 1835 195 1894 civitate
217 1833 364 1912 quondam
382 1847 514 1914 gestum,
534 1853 570 1890 ex
590 1833 704 1892 Solonis
724 1833 890 1891 narratione
903 1832 986 1891 vobis
1006 1833 1142 1912 apertur?

74 1931 209 1987 cirum.
220 1927 354 1986 Referam
365 1925 489 2004 priscam
499 1925 572 1984 mihi
592 1943 685 2004 puero
704 1923 837 1983 traditam
854 1925 890 1983 ab
908 1925 1143 1986 archisterium:

73 2039 171 2100 quum
184 2031 283 2096 ageret
297 2018 402 2076 Critias
417 2035 519 2086 annos,
529 2031 562 2074 ut
575 2018 637 2094 ipse
651 2015 776 2088 dicebat,
784 2017 897 2074 circiter
908 2018 1078 2095 nonaginta,
1091 2039 1145 2097 ego

74 2131 153 2170 vero
167 2110 283 2182 decern,
297 2107 550 2186 celebrareturque
566 2109 702 2166 solemnis
717 2109 766 2167 ille
780 2109 893 2180 dies,in
908 2111 1016 2188 quoad
1030 2123 1145 2170 cantum

76 2201 244 2262 carminum
253 2203 338 2280 pueri
352 2200 596 2273 convocabantur,
608 2201 775 2279 congregati
790 2221 887 2260 sumus
905 2215 935 2259 et
945 2221 996 2262 nos
1008 2223 1146 2262 unacum

78 2293 225 2374 proximis
245 2294 382 2371 notisqw
398 2293 514 2371 pueris,
532 2292 675 2370 nobisque
692 2313 710 2351 a
727 2292 896 2371 parentibus
913 2295 1073 2374 carminum
1095 2315 1146 2354 ca-

77 2387 245 2446 nendorum
266 2399 410 2444 certamen
424 2400 469 2444 est
485 2385 645 2466 injunctum
661 2407 667 2442 :
685 2384 735 2443 ubi
751 2387 906 2445 multorum
920 2401 1072 2466 poetarum
1088 2407 1148 2448 car-

81 2479 163 2538 mina
180 2497 240 2536 non
252 2498 345 2557 pauca
361 2480 528 2538 memoriter
542 2479 727 2558 pronuntiata
741 2493 825 2558 sunt,
848 2493 878 2538 et
891 2481 1003 2540 Solonis
1014 2501 1113 2540 versus
1130 2503 1147 2541 a

81 2571 216 2649 plurimis
230 2590 405 2649 puerorum,
426 2584 529 2650 utpote
541 2572 698 2631 novitatem
709 2572 850 2650 poematis
861 2573 1085 2642 admirantibus,
1098 2574 1148 2632 de-

82 2665 206 2724 cantati:
219 2677 278 2722 tum
293 2662 464 2723 contribulis
477 2665 609 2742 quidam,
624 2685 674 2724 seu
685 2665 765 2741 quod
779 2666 820 2723 ita
829 2665 981 2742 judicaret,
991 2667 1052 2724 sire
1067 2666 1147 2744 qnod

84 2757 182 2816 Critias
191 2754 317 2814 blandiri
328 2757 422 2828 vellet,
431 2757 526 2814 videri
540 2755 596 2815 sibi
608 2757 800 2834 inquitquum
816 2757 846 2814 in
860 2761 963 2816 ceteris
974 2759 1146 2837 sapientissi-

84 2867 165 2908 mum
180 2848 267 2906 luisse
280 2849 436 2919 Solonem,
449 2861 509 2906 tum
523 2849 553 2906 in
567 2847 743 2906 carminibus
757 2860 907 2926 poetamrm
922 2851 1050 2908 omnium
1065 2869 1150 2928 gene-

84 2939 261 2999 rosissimum
277 2962 284 2996 =
299 2939 344 2998 his
359 2937 472 3008 verbis,
484 2953 517 2997 ut
528 2953 606 2998 recte
619 2939 755 3010 memini,
767 2939 851 2997 valde
862 2941 974 2998 laetatus
987 2954 1031 2999 ast
1043 2961 1129 3002 senex
1141 2965 1148 3000 :

84 3047 174 3110 atque
187 3033 227 3092 ita
239 3033 335 3092 ridens
348 3033 465 3110 inquit:
486 3033 516 3092 Si
530 3034 636 3100 Solon,
652 3051 670 3090 o
684 3030 885 3108 Amynander,
900 3053 958 3090 non
976 3047 1085 3094 tantum
1099 3055 1149 3094 re·

85 3124 204 3184 laxandi
216 3125 303 3184 animi
320 3125 428 3201 gratia,
441 3123 491 3182 sed
507 3125 604 3183 dedita
618 3145 708 3202 opera
720 3124 863 3202 serioque,
873 3124 947 3184 sicut
960 3126 1024 3198 alii,
1038 3131 1148 3206 poesim

84 3229 162 3276 esset
174 3231 328 3295 sequutus,
339 3218 385 3276 vel
400 3217 562 3287 historiam,
578 3237 666 3295 qrram
678 3214 714 3275 ab
727 3223 854 3296 AEgypto
868 3238 1002 3278 reversus
1016 3222 1150 3282 institue-

86 3325 154 3384 rat,
180 3309 396 3383 absolrisset,a
417 3330 474 3388 qua
497 3310 613 3390 quidem
636 3309 825 3370 seditionibus
845 3313 1005 3391 ceterisque
1028 3317 1151 3378 civitatis

86 3402 225 3462 fluctibus
243 3402 414 3462 deturbatus
432 3403 528 3462 medio
542 3404 572 3461 in
589 3423 676 3462 cursu
697 3403 825 3462 destitit=
840 3423 893 3462 nec
908 3405 1036 3466 Homero
1049 3411 1151 3471 Hesio-

88 3495 207 3574 doque,
220 3517 275 3554 nec
286 3497 343 3554 alio
355 3516 502 3574 quoquam
516 3505 678 3573 poetarum,
688 3509 721 3554 ut
733 3497 848 3574 opinor,
859 3495 980 3555 inferior
990 3501 1154 3562 exstitisset.

87 3588 137 3648 Ad
152 3589 214 3648 haec
229 3589 276 3646 ille
289 3611 295 3646 :
308 3594 373 3661 Qua
386 3589 422 3647 de
434 3608 476 3662 re,
490 3609 508 3646 o
520 3589 625 3662 crida,
640 3602 765 3648 tractare
779 3589 869 3648 Solon
883 3589 1027 3651 instituit?
1037 3598 1150 3654 Socra-

89 3701 153 3739 πε.
175 3686 220 3739 Dc
233 3680 378 3752 maximis,
399 3681 509 3759 inquit,
523 3681 610 3740 rebus
629 3681 666 3740 nb
680 3682 735 3738 hac
749 3681 864 3739 civitate
881 3683 1027 3759 quondam
1047 3691 1151 3764 gostis,

89 3793 215 3852 quarum
229 3775 369 3832 memoria
381 3774 459 3853 apud
471 3794 525 3834 nos
538 3775 676 3852 temporis
690 3771 878 3833 diuturnitate
892 3789 921 3833 et
932 3777 1049 3837 interitu
1061 3781 1152 3837 homi-

89 3887 161 3926 num
175 3865 316 3926 exstincta
330 3879 381 3924 est.
392 3867 465 3938 Dic,
478 3879 606 3945 quaesto,
619 3866 729 3944 inquit,
746 3885 765 3924 o
779 3865 964 3946 Critia,quid
977 3870 1049 3928 illud
1063 3889 1152 3947 opus,

90 3973 123 4019 ct
135 3957 286 4037 quomodo
300 3971 410 4031 actum,
432 3973 462 4019 et
475 3980 493 4019 a
506 3959 612 4038 quibus
624 3958 771 4032 habitum,
794 3972 938 4036 tamquam
949 3981 1050 4020 verum
1064 3965 1152 4022 Solon

90 4051 240 4112 narrabat
257 4054 385 4110 Ceratas.
399 4053 571 4131 Estinquit,
582 4052 701 4130 AEgypti
714 4053 795 4130 regio
809 4053 907 4126 Delta,
924 4054 1005 4130 cujus
1019 4056 1156 4116 evertice

93 4143 268 4204 scinduntur
282 4143 341 4202 Nili
355 4143 461 4203 fluenta
473 4167 480 4202 :
492 4145 554 4222 ejus
565 4146 660 4224 campi
669 4145 773 4207 Saitica
789 4163 895 4223 pasena
906 4147 1091 4206 nominantur
1103 4172 1109 4206 :
1124 4149 1155 4208 in
