2784 4666
528 327 721 394 ulmeus.
1048 291 1052 296 ’
1082 321 1148 422 597

84 446 159 506 dum
172 445 310 522 deinceps
321 443 520 503 narrabimus:
538 448 593 504 tria
607 446 637 504 in
654 447 788 523 praesenti
800 465 904 526 genera
919 446 1057 506 sumenda
1068 463 1136 508 sunt
1143 471 1153 520 ;

84 559 189 607 unum,
200 536 278 616 quod
294 538 438 615 gignitur:
451 536 539 609 aliud,
552 539 581 595 in
592 557 651 614 quo
662 537 802 615 gignitur:
819 535 933 607 aliud‚a
946 556 1004 613 quo
1015 539 1149 601 similitu-

85 632 185 690 dinem
201 629 382 707 trahit‚quod
392 629 650 688 nescitur:idcirco
660 649 828 707 comparare
838 628 900 686 haec
912 628 954 686 ita
967 627 1063 687 decet:
1073 633 1153 708 quod

86 724 202 800 recipit,
209 724 295 782 matri
305 745 311 779 :
322 721 399 779 unde
412 722 530 798 recipit,
546 726 637 799 patri:
649 735 781 780 usturam
791 723 911 786 istorum
920 719 1044 778 mediam
1055 724 1131 798 proli
1144 747 1151 780 ι

85 814 140 872 sed
154 816 196 872 ita
209 812 429 890 intelligendum
443 825 503 884 est,
528 812 608 890 quod
625 833 714 891 quum
729 833 792 871 esse
810 811 914 870 debeat
929 811 1038 888 effigies
1056 833 1152 872 rerum

85 907 172 964 omni
185 907 342 964 formarum
358 904 497 962 varietate
514 904 665 977 distincta,
681 923 839 983 numquam
851 903 925 962 illud
936 905 1032 981 ipsum
1045 904 1154 964 forms-

86 997 178 1056 tionis
196 997 284 1074 hujus
303 997 442 1075 gremium
457 996 532 1054 bene
548 999 603 1054 erit
617 1011 827 1075 praeparatum,
843 997 899 1055 nisi
917 996 1039 1054 informe
1055 997 1107 1070 sit,
1124 1011 1154 1056 et

84 1103 192 1168 suapte
205 1101 308 1146 nature
318 1087 453 1146 omuibus
465 1089 654 1166 lormis‚quas
661 1102 845 1168 recepturum
855 1101 907 1159 est,
917 1102 1027 1148 careat:
1050 1109 1117 1148 nam
1129 1091 1153 1149 si

84 1182 146 1240 crit
159 1180 279 1258 alicujus
290 1199 474 1257 eorumquae
484 1182 513 1237 in
525 1199 556 1238 se
564 1181 677 1258 recipit,
685 1181 777 1238 simile
785 1222 792 1248 ,
800 1199 889 1257 quum
900 1181 1072 1238 contrariam
1082 1181 1153 1258 ejus,

85 1271 173 1349 cujus
186 1273 277 1330 simile
291 1284 349 1344 est,
364 1283 495 1330 naturam
511 1287 561 1331 sut
577 1273 660 1332 aliern
674 1291 795 1350 prorsus
809 1272 958 1349 suscipiet,
972 1291 1154 1349 nequequam

84 1365 152 1442 ejus
165 1364 380 1423 siruilitudincm
390 1377 419 1422 et
432 1363 555 1442 effigiem
562 1365 714 1442 exprimet,
722 1382 811 1440 quum
828 1382 888 1440 pree
904 1382 935 1420 se
950 1363 1047 1422 mlerit
1061 1384 1153 1434 suem,

84 1475 150 1534 quo
165 1457 215 1525 lit,
230 1469 262 1514 ut
274 1457 381 1515 nullam
396 1455 451 1514 sibi
467 1457 616 1535 propriam
629 1455 735 1514 babeat
750 1455 891 1533 speciem,
906 1455 986 1532 quod
999 1467 1043 1514 est
1056 1457 1155 1515 omnia

84 1549 195 1626 genera
209 1541 427 1625 suscepturum:
444 1561 476 1605 ut
493 1552 542 1625 qui
562 1562 708 1624 unguenta
723 1548 850 1606 suaviter
871 1547 1032 1605 redolentia
1052 1550 1154 1606 conle-

84 1642 166 1698 cturi
180 1653 260 1712 sunt,
273 1641 420 1697 humidam
434 1641 597 1712 materiam,
612 1659 698 1716 quem
711 1651 791 1696 certo
805 1639 924 1696 condire
934 1638 1025 1697 odore
1039 1641 1155 1712 volunt,

85 1735 129 1791 ita
144 1744 325 1810 preparant,
340 1743 372 1798 ut
385 1732 506 1790 odorem
517 1733 629 1790 nullum
644 1731 796 1809 proprium
812 1729 936 1804 babeat3
951 1733 1044 1807 etqui
1062 1744 1156 1788 mate-

84 1825 141 1882 riis
156 1823 293 1882 mullibus
309 1823 547 1898 impressionique
562 1821 730 1880 cedentibus
745 1824 850 1898 ligurus
864 1823 1030 1899 imprimere
1045 1824 1156 1900 aliquas

86 1918 202 1986 volunt,
211 1916 318 1973 nullam
333 1916 451 1971 omnino
467 1915 593 1990 priorem
607 1915 637 1970 in
649 1915 691 1972 eis
703 1915 823 1991 figuram
838 1932 978 1991 apparere
995 1915 1156 1992 patiuntur,

83 2008 140 2068 sed
154 2007 334 2064 exactissima
345 2005 469 2082 quedam
482 2006 660 2082 laevigatioue
674 2025 722 2063 eas
736 2005 849 2083 poliunt
860 2027 866 2061 :
876 2005 917 2063 ita
930 2006 1019 2074 illud,
1033 2007 1155 2084 quodie

83 2095 226 2158 omnibus
248 2097 353 2173 passim
367 2111 540 2154 aeternorum
558 2098 687 2155 omnium
702 2097 862 2154 simulacris
878 2110 956 2156 recte
970 2099 1154 2176 figurandtun

83 2202 143 2255 est,
154 2188 200 2246 bis
211 2187 344 2246 omnibus
358 2189 458 2246 formis
469 2202 571 2246 natura
585 2207 747 2248 sua‘cctere
760 2209 876 2248 necesse
890 2203 933 2248 est
943 2189 1152 2268 :quamobrem
1168 2197 1180 2231 l

85 2281 235 2348 universi,
260 2278 339 2357 quud
361 2293 389 2338 et
403 2281 528 2358 genitum
548 2295 591 2340 est
607 2295 637 2342 et
655 2280 787 2340 sensibus
802 2280 937 2340 omnibus
953 2284 1152 2355 manifestum,

86 2383 212 2430 matrem
225 2372 316 2448 ipsam
329 2373 616 2450 receptaculumque,
630 2390 724 2451 neque
737 2388 859 2442 terram,
874 2393 968 2452 neque
977 2395 1089 2448 acrem,
1104 2397 1154 2436 ue-

84 2484 147 2542 que
163 2464 369 2542 ignem,neque
379 2483 551 2542 squamesse
561 2466 707 2540 dicamus,
720 2487 815 2545 neque
826 2487 925 2528 rursus
938 2487 976 2526 cx
988 2467 1033 2526 his
1044 2469 1154 2545 aliquid

86 2557 276 2614 constitutum
294 2569 344 2614 eut
361 2558 471 2634 alique,
487 2579 523 2616 cx
545 2557 651 2636 quibus
665 2561 786 2636 proprie
804 2559 866 2616 haec
888 2559 952 2635 ipsu
971 2555 1152 2629 subsistuut3

87 2649 140 2708 sed
156 2647 329 2706 invisibilem
343 2648 439 2725 potius
455 2650 579 2726 speciem
595 2649 750 2726 quamdam
767 2661 797 2706 et
811 2649 963 2705 insonnem
977 2647 1071 2703 sinum
1086 2666 1152 2705 om-

87 2742 170 2799 nium
184 2759 339 2817 capacem,
353 2740 413 2816 .qui
427 2740 515 2798 modo
530 2739 655 2816 quodam
670 2737 807 2816 ambiguo
821 2752 851 2796 et
864 2738 914 2796 vix
927 2735 1091 2812 explicabili
1106 2737 1153 2795 di-

87 2833 164 2890 vinae
185 2845 214 2889 et
233 2828 421 2907 intelligibilis
436 2844 547 2888 naturae
564 2831 597 2888 fit
611 2830 756 2907 particeps
775 2850 781 2884 ε
805 2830 867 2906 ipse
882 2826 1000 2905 quidem
1015 2846 1151 2906 compre-

87 2922 177 2980 hendi
192 2941 246 2999 per
267 2941 298 2979 se
318 2921 399 2978 nullo
422 2933 506 2997 pacto
529 2933 644 2997 potest:
660 2922 710 2978 sed
732 2933 873 2997 quantum
897 2938 932 2976 ex
953 2919 1042 2994 supra
1068 2918 1152 2978 dictis

88 3029 222 3074 naturam
242 3012 303 3090 ejus
323 3012 463 3090 attingere
481 3011 568 3084 licet,
592 3011 633 3070 sic
656 3011 755 3088 utique
780 3024 856 3068 recte
869 3027 1021 3088 possumus
1038 3008 1152 3082 dicere;

88 3105 184 3186 ignem
196 3105 312 3184 quidem
327 3119 438 3184 partem
450 3105 512 3182 ejus
527 3105 645 3183 ignitam
663 3104 755 3162 videri
770 3125 778 3160 ι
792 3103 984 3162 humefactam
996 3121 1067 3160 vero
1081 3121 1152 3180 par·

89 3214 147 3259 tem
164 3217 288 3276 aquam:
303 3211 407 3256 terram
424 3217 542 3274 quoque
555 3215 708 3274 aeremque
722 3195 862 3268 similiter,
869 3179 1010 3273 qnatenus
1020 3194 1152 3271 ipsorum

87 3289 241 3351 simulacra
255 3290 373 3367 suscipit
387 3312 393 3346 :
405 3289 454 3348 sed
469 3288 505 3346 de
521 3289 567 3347 his
578 3289 618 3347 ita
629 3289 836 3366 distinguentes·
846 3287 957 3344 ratione
969 3285 1153 3344 considerare

88 3383 229 3442 debemus
242 3403 249 3439 ε
261 3383 335 3440 sitne
346 3382 419 3458 ignis
433 3380 537 3456 aliquis
552 3399 680 3438 seorsum
697 3399 714 3437 a
727 3378 845 3436 materie
861 3378 923 3455 ipse
936 3395 1108 3454 permanens
1121 3377 1152 3434 in

87 3498 118 3534 se
132 3477 214 3554 ipso,
229 3486 258 3532 et
272 3485 366 3530 cetera
378 3515 386 3540 ,
400 3491 465 3550 quae
480 3491 555 3549 saepe
568 3470 689 3530 dicimus
703 3489 756 3548 per
771 3491 801 3528 se
812 3469 875 3547 ipsa
887 3470 1022 3526 manere?
1038 3488 1074 3526 nn
1089 3469 1151 3528 haec

87 3571 151 3627 sola
167 3577 248 3635 sunt,
261 3584 325 3641 quae
339 3565 470 3642 corporis
487 3581 574 3621 sensu
588 3565 772 3640 percipimus,
783 3573 813 3618 et
825 3561 911 3618 talem
922 3559 952 3617 in
963 3579 993 3618 se
1002 3561 1151 3618 continent

87 3639 323 3728 veritatemsnec·
332 3657 392 3714 ullo
403 3669 489 3734 pecto
503 3667 607 3732 praeter
620 3653 682 3712 haec
695 3654 753 3712 ulle
767 3663 834 3711 sunt
845 3652 967 3730 uspiam,
982 3653 1034 3711 sed
1045 3652 1151 3710 frustra
1234 3657 1238 3666 '

88 3747 299 3828 intelligibilem
315 3747 539 3824 uniuscujusque
555 3745 679 3823 speciem
695 3745 819 3822 aliquam
831 3763 940 3822 ponere
950 3744 1088 3814 solemus,
1098 3760 1152 3800 nec

89 3843 167 3904 aliud
184 3842 247 3899 haec
261 3852 327 3898 sunt
341 3858 428 3916 quem
443 3837 532 3898 verba
547 3860 554 3894 ι
572 3836 652 3914 quod
666 3837 782 3915 quidem
800 3856 895 3915 neque
908 3836 948 3896 ita
964 3836 1009 3894 vel
1024 3834 1107 3892 aliter
1121 3852 1153 3892 se

88 3938 217 4005 habere,
234 3921 340 3989 temere
354 3943 384 3987 ct
396 3932 457 3989 sine
471 3928 683 3989 examinatione
699 3927 898 3998 asserendum,
916 3945 1010 4003 neque
1027 3923 1064 3981 ad
1077 3941 1154 4000 prce·

89 4043 199 4089 sentem
216 4021 437 4100 disputationem
453 4035 556 4081 natura
571 4039 622 4080 sus
637 4020 779 4098 prolixam
799 4019 856 4078 alin
869 4035 986 4095 quoquc
1000 4012 1112 4090 prolixe
1124 4027 1154 4072 et
