2784 4666
534 391 724 461 TllllAEUS.
1076 391 1147 462 613

87 519 278 596 pulcherrimi
291 517 451 599 optimique
465 511 562 590 operis
573 510 730 570 fabricator
743 511 772 568 in
788 511 849 580 bis,
872 531 937 588 quae
950 509 1148 591 g‘goobantur,

88 606 268 678 assumebat,
282 606 398 684 qnando
411 611 505 664 Deum
518 622 548 662 se
564 603 629 682 ipso
651 603 840 662 sufficientem
864 615 893 660 et
912 605 1149 681 perfectissimum

85 697 255 775 generabat,
267 711 350 758 utens
360 696 477 776 quidem
486 695 577 754 causis
590 693 625 753 ad
639 696 702 754 baec
716 694 864 767 ministris,
879 695 959 772 quod
968 709 1062 754 autem
1075 696 1148 756 berre

87 809 120 848 se
135 787 276 864 babebat,
289 791 391 870 ipsein
403 787 521 866 singulis
536 807 640 866 agenat
653 788 727 848 duas
736 788 811 847 enim
823 809 973 848 causarum
987 790 1095 868 species
1106 790 1150 850 di-

88 883 236 960 stinguere
251 882 347 957 deoet,
361 901 447 940 unam
456 879 573 958 quidem
584 881 781 952 necessariam,
789 881 908 940 alteram
923 901 992 940 vero
1004 880 1130 940 divinam
1143 904 1149 936 :

88 995 124 1032 ac
144 973 269 1034 divinam
291 976 320 1036 in
337 973 471 1034 omnibus
490 991 635 1050 quaerere,
656 985 689 1031 ut
707 972 822 1032 beatam
841 973 947 1043 vitam,
977 972 1074 1052 quoad
1095 993 1150 1032 na-

89 1077 164 1124 turae
177 1079 282 1126 nostrae
290 1066 428 1146 possibile
439 1077 506 1140 est,
516 1059 730 1143 adipiscamur:
748 1066 936 1126 necessariam
951 1085 1068 1143 quoque
1082 1083 1151 1123 cau-

89 1177 153 1216 sam
163 1159 280 1220 illorum
296 1161 384 1238 gratia
397 1159 573 1238 perscrutari
586 1180 592 1216 :
607 1159 732 1236 cogitare
746 1161 821 1218 enim
837 1171 967 1237 oportet,
981 1157 1090 1236 absque
1107 1157 1150 1218 bis

91 1252 156 1329 illa,
169 1254 198 1311 in
213 1249 317 1330 quibus
328 1243 454 1314 studium
468 1253 621 1331 ponimus,
641 1271 699 1311 uon
712 1272 797 1331 posse
811 1251 946 1330 intelligi,
960 1251 1007 1310 vei
1022 1271 1152 1328 compre-

91 1344 200 1416 hendi,
218 1346 263 1404 vel
286 1343 558 1424 quomodocumque
575 1343 659 1404 aliter
681 1344 801 1423 percipi.
1018 1333 1021 1341 ¹

133 1439 278 1511 Quoniam
300 1457 370 1498 vero
392 1436 476 1498 nobis
494 1436 525 1494 in
549 1437 700 1514 praesentia
721 1437 810 1496 veluti
832 1435 921 1496 fabris
942 1437 1060 1496 materia
1083 1436 1153 1495 sub-

87 1529 180 1606 jacet,
198 1535 347 1588 causarum
370 1528 506 1588 videlicet
523 1547 645 1606 genera,
670 1529 763 1588 vicem
790 1530 882 1588 ferme
899 1529 959 1607 jam
982 1543 1151 1607 praeparata

91 1621 219 1680 materiae
235 1621 408 1693 obtinentia,
419 1641 457 1679 ex
472 1619 577 1699 quibus
591 1633 634 1680 est
648 1640 770 1698 sequens
784 1619 941 1698 disputatio
956 1620 1153 1689 contexenda,

90 1731 194 1771 rursus
205 1713 241 1772 ad
252 1712 425 1792 principiam
438 1711 566 1770 breviter
574 1711 734 1779 redeamus,
744 1712 859 1790 citoque
870 1713 939 1770 illuc
946 1711 1153 1790 regrediamur,

83 1805 171 1864 -unde
194 1805 343 1882 bucusque
362 1803 571 1882 processimus,
591 1815 683 1880 atque.
691 1803 732 1865 ita
745 1803 861 1861 demum
882 1803 970 1861 finem
985 1803 1155 1881 apicemque

83 1897 297 1976 disputationi,
318 1897 432 1974 qualem
461 1893 611 1972 superiora
630 1895 764 1974 exigunt,
781 1896 963 1973 imponamus
984 1916 992 1951 ε
1013 1895 1154 1972 quemad-

89 1988 212 2047 modum
228 1987 266 2046 ab
285 1987 369 2044 initio
391 1985 529 2058 diximus,
549 2005 641 2062 quum
663 1985 845 2045 harcordine
867 1999 1017 2056 carerent,
1036 1987 1155 2066 singulis

90 2083 189 2151 Deus,
204 2091 233 2136 et
246 2076 283 2136 ad
296 2095 357 2136 sese
371 2089 400 2135 et
414 2076 451 2136 ad
466 2075 520 2135 alia
535 2076 658 2136 itavicem
670 2119 678 2145 ,
689 2089 807 2138 eatenus
819 2079 937 2138 modum
956 2078 1156 2157 rationemque

88 2169 290 2248 proportionis
309 2166 431 2242 indidit,
445 2181 587 2246 quatenus
606 2170 751 2248 suscipere
769 2171 880 2250 singula
903 2185 1061 2250 poterantr
1086 2185 1155 2230 tunc

88 2261 224 2341 pmlecto
238 2261 311 2319 nibil
324 2271 387 2320 erat
404 2261 530 2332 ordinis,
553 2261 608 2320 nisi
625 2262 701 2321 forte
715 2281 781 2322 casu
798 2264 911 2341 aliquo,
927 2263 1086 2343 particeps3
1102 2284 1156 2322 nec

88 2351 249 2430 quidquam
264 2364 333 2410 tunc
346 2370 419 2429 aqua
432 2353 479 2420 ,rel
494 2352 577 2431 ignis,
588 2355 634 2412 rel
648 2354 727 2414 aliud
740 2355 849 2434 aliquid
863 2375 964 2414 corum
974 2376 1055 2434 ,quae
1066 2355 1155 2415 modo

89 2444 171 2524 apud
192 2464 245 2503 nos
259 2445 453 2519 nominantur,
465 2443 532 2523 jure
547 2446 710 2508 vocandum
726 2461 809 2526 erat:
829 2467 930 2508 verum
950 2449 1012 2508 hac
1028 2449 1155 2526 primum

89 2538 189 2596 omnia
206 2537 375 2609 exornavit,
396 2536 501 2598 deinde
514 2559 550 2598 ex
563 2538 599 2597 iis
614 2539 671 2598 boc
684 2540 851 2599 universum
865 2541 1034 2610 constituit,
1049 2541 1155 2598 anbnal

89 2649 196 2700 arnum,
216 2630 350 2689 animalia
360 2631 392 2687 in
405 2649 435 2689 se
449 2631 546 2690 omnia
564 2631 696 2691 mortalia
710 2644 739 2689 et
751 2632 924 2704 immortalia
941 2631 1090 2690 continens
1104 2654 1110 2687 :
1126 2643 1155 2690 et
1242 2615 1249 2630 ¹

90 2720 255 2780 divinorum
272 2720 389 2799 quidem
404 2721 466 2800 ipse
479 2736 523 2780 est
535 2735 655 2790 auctor,
673 2724 841 2782 mortalium
851 2744 924 2783 vero
939 2724 1153 2799 generationem

79 2813 166 2872 ‚natis
179 2814 237 2873 suis
249 2811 367 2870 tradidit
377 2812 582 2872 absolvendam
593 2835 600 2870 ε
613 2815 656 2871 illi
667 2815 765 2892 igitur,
774 2835 856 2873 rtrum
872 2815 975 2874 imitati
987 2827 1152 2892 parentem,

88 2905 325 2984 principiumque
336 2905 438 2963 animae
449 2905 610 2964 immortale
621 2906 826 2985 suscipientes,
837 2907 960 2966 animam
973 2907 1065 2985 ipsam
1076 2926 1154 2966 mor-

91 2999 142 3057 tali
155 3017 280 3076 corpore
293 2997 476 3068 clauserunt,
493 3010 643 3076 totumque
654 3016 760 3076 corpus
774 2999 876 3076 animae
889 3001 973 3077 qnasi
988 2999 1153 3058 vehiculum

89 3090 263 3162 subdidere,
275 3103 362 3168 atque
377 3089 407 3146 in
424 3108 459 3148 eo
473 3091 556 3148 aliam
571 3092 674 3149 animae
687 3090 810 3168 speciem
825 3091 976 3149 mortalem
991 3088 1153 3148 fabricave-

90 3197 174 3252 runt,
197 3203 264 3262 quse
285 3182 422 3262 gravibus
443 3184 668 3262 necessariisque
688 3181 955 3261 perturbationibus
975 3183 1154 3245 afficeretur:

89 3294 213 3354 quarum
229 3275 324 3354 prima
338 3274 413 3332 foret
429 3276 580 3354 voluptas,
599 3295 663 3334 esra
680 3275 803 3334 maxima
823 3276 903 3346 mali,
921 3273 1007 3335 dolor
1029 3273 1153 3346 duride,

80 3370 160 3447 'iuga
178 3365 472 3447 impedimentumque
495 3365 657 3441 bonorum,
681 3367 801 3426 andacia
823 3379 962 3445 praeterea
985 3380 1153 3446 metusque,

89 3461 270 3520 consultores
286 3473 413 3520 amentes
432 3481 439 3516 ε
464 3459 613 3520 accederet
631 3474 661 3520 et
684 3459 1066 3539 implacabilisirautndia,
1089 3483 1154 3540 spes

89 3555 177 3614 etiarn
191 3552 297 3613 blanda
310 3553 562 3632 conciliatrixque,
577 3573 643 3614 cum
656 3554 816 3614 irrationali
827 3572 911 3613 sensu
922 3573 1079 3634 amoreque
1089 3575 1154 3614 om-

88 3649 170 3706 nium
187 3647 338 3711 invasore:
354 3646 396 3705 illi
407 3666 491 3726 ergo,
508 3647 562 3705 ista
578 3643 742 3720 miscentes,
758 3647 919 3706 neccssmio
932 3649 1053 3708 mortale
1063 3667 1154 3727 genus

90 3753 327 3818 composuerunt.
345 3744 496 3812 Ceterum,
519 3759 556 3798 ne
569 3739 702 3798 diuinum
713 3741 773 3799 nlla
786 3739 950 3798 mortalium
964 3741 1153 3818 contagione,

91 3833 147 3892 uisi
163 3843 302 3910 quantum
316 3852 427 3894 summa
442 3833 593 3893 necessitas
606 3845 740 3912 cogeret,
761 3833 947 3911 pollueretur,
968 3852 1096 3892 seorsum
1118 3833 1155 3890 ab

92 3924 144 3982 illo
156 3923 187 3980 in
200 3923 256 3982 alia
274 3926 406 4002 corporis
421 3926 490 3984 sede
505 3925 627 3983 mortale
642 3924 872 3998 collocaverunt,
894 3940 979 4003 atque
999 3947 1015 3982 a
1037 3937 1155 4002 pectore

94 4027 183 4092 caput
195 4015 308 4073 cervice
328 4029 358 4074 et
374 4018 450 4076 collo
466 4017 618 4094 interjecto
638 4037 829 4096 separavere:
845 4019 877 4076 in
888 4031 1005 4096 pectore
1024 4017 1111 4093 igitur
1126 4031 1154 4076 rt

96 4107 213 4168 thorace
223 4107 354 4166 'mortale
371 4129 462 4186 gemm
476 4111 577 4172 anima
592 4125 768 4190 posuerunt:
783 4131 929 4188 quumque
944 4109 975 4172 id
989 4111 1159 4184 naturaliter
