2762 4682
252 355 316 400 mu
585 338 634 406 M.
660 339 699 406 T.
726 337 972 408 CICERONIS

245 457 452 526 Grecorum
469 455 608 528 artibus
622 471 658 528 et
673 456 869 557 disciplinis
888 455 1159 548 abhorrerentl,
1179 485 1235 533 ne
1246 459 1331 533 haec

246 564 395 660 quidem
418 581 626 656 curaturos,
651 592 732 665 quae
753 569 831 640 sine
853 566 1058 640 eruditione
1075 591 1187 666 grncu
1202 572 1329 643 intel-

246 672 309 772 ligi
334 700 411 748 non
440 675 642 775 possunt⁵z
682 679 805 775 itaque
833 701 876 749 ea
902 676 1004 748 nolui
1032 677 1208 768 scribere,
1239 705 1330 778 qua·

244 809 313 857 nec
330 785 465 859 indocti
487 787 688 887 intelligere
710 801 876 887 possent,
897 811 965 858 nec
985 786 1082 859 docti
1106 788 1229 888 legere
1253 815 1325 862 cu·

210 907 225 959 5
245 910 376 967 rarent.
393 896 504 970 Vides
522 911 644 970 nutem
663 898 786 970 eadem
805 892 921 996 ipsc⁶2
940 895 1095 969 didicisti
1116 901 1217 973 enim
1237 923 1324 971 non

142 1073 145 1081 .
244 1027 348 1102 posse
375 1031 442 1078 nos
466 1007 669 1098 Amafinii⁷‚
703 1022 767 1082 aut
794 1006 930 1080 Rabirii
955 1007 1086 1080 similes
1112 1033 1207 1098 esse,
1234 1011 1328 1108 qui,

243 1115 343 1190 nulla
360 1132 436 1190 arte
455 1118 635 1208 adhibita,
652 1120 697 1194 de
715 1117 826 1192 rebus
842 1132 926 1192 ante
947 1119 1073 1192 oculos
1089 1122 1217 1218 positis
1238 1121 1323 1192 vul-

242 1227 318 1322 gari
332 1226 736 1328 sermone⁸disputant;
762 1229 853 1302 nihil
878 1229 1095 1318 deliniunt9,
1121 1230 1213 1302 nihil
1232 1255 1325 1329 par·

246 1337 401 1428 tiuntur,
428 1339 519 1412 nihil
543 1355 626 1442 apta
651 1342 933 1439 interrogatione
960 1339 1200 1430 concludunt,
1229 1341 1323 1414 nul·

281 1535 305 1584 t.
315 1526 487 1579 Abdorrerent.
496 1533 631 1601 Revocevit
645 1531 754 1596 lliileem.
795 1533 854 1582 Dlv.
864 1534 922 1596 XV,
938 1533 984 1594 16,
1000 1533 1058 1584 coll.
1067 1533 1130 1583 ihid.
1138 1535 1211 1600 epist.
1224 1545 1322 1598 19‚et

243 1607 391 1672 scriptorum
405 1611 514 1659 omnium
525 1611 654 1662 lectionem
663 1612 754 1662 ablior-
798 1613 901 1676 Quintil.
910 1614 949 1672 Χ,
966 1615 989 1680 ι)
1008 1613 1080 1661 tacite
1094 1613 1180 1662 Cicero
1191 1615 1324 1679 respicit,

244 1689 754 1759 mtreedeatieincqnaulte‚qunmh.l.
799 1691 1205 1751 1lrac.1,³‚6‚etihid.ll‚3,
1229 1695 1324 1754 γλι-

244 1781 351 1832 precene
367 1781 432 1820 arare
444 1771 513 1821 nullu
526 1773 602 1824 modo
613 1773 700 1842 poerit.
722 1774 753 1822 G.
798 1787 879 1835 preaae
893 1771 998 1835 priorem
1010 1769 1049 1820 bie
1063 1769 1215 1838 Amafinium
1230 1772 1320 1820 nomi·

281 1845 306 1894 5.
320 1847 378 1896 Non
387 1861 500 1912 puerunt.
512 1853 549 1901 lu
568 1853 631 1911 mei,
652 1855 754 1902 Oxonn.
797 1860 853 1909 nat,
862 1849 922 1899 ibid.
932 1851 1000 1910 1v,3
1013 1883 1021 1908 ,
1033 1851 1058 1898 6.
1068 1850 1141 1898 Cous.
1154 1849 1201 1898 lib.
1215 1853 1272 1900 XV
1286 1850 1321 1898 ed

245 1925 302 1972 Vin.
314 1927 504 1992 necquidquam
515 1941 565 1993 eet,
574 1947 625 1995 quo
637 1933 712 1981 alten
721 1933 754 1980 le-
799 1929 1033 1993 Direra.epiet.19.
1049 1953 1083 1966 -
1101 1929 1157 1976 Hoc
1168 1944 1264 1976 nomen
1276 1928 1319 1976 alii

244 2002 294 2050 ctio
302 2016 402 2068 possent
414 2023 440 2055 ee
453 2006 574 2056 defendat.
582 2009 615 2060 G.
800 2007 870 2055 aliter
876 2006 1000 2056 acrihunt:
1010 2007 1067 2056 Bae.
1076 2006 1320 2065 thui-Afranius»,

280 2081 308 2130 6.
327 2083 400 2132 rides
415 2087 676 2152 autemeadrrnipser
691 2089 756 2137 didi-
800 2087 828 2134 E.
847 2086 1044 2134 edmafraniue·
1063 2086 1101 2134 hie
1114 2085 1249 2152 prebent:
1277 2085 1319 2134 alii

199 2193 205 2206 .
245 2157 299 2208 cisti
309 2159 383 2210 enirn.
391 2195 412 2211 ..
419 2174 519 2228 putarit.
530 2165 583 2213 Nos
593 2177 685 2216 nutem.
701 2168 756 2216 Viri
800 2187 813 2208 ι
823 2166 943 2224 vinnius,
955 2167 985 2213 T.
993 2165 1112 2225 Vannius,
1128 2176 1176 2214 etc.
1186 2187 1199 2208 ι
1211 2176 1244 2216 ut
1257 2165 1318 2214 edd.

247 2240 317 2290 docti
327 2239 375 2288 hoc
388 2241 414 2290 in
429 2241 485 2292 loco
497 2243 666 2305 offenderunt,
680 2261 756 2310 quum
800 2253 860 2292 vett.
871 2244 961 2308 plures.
977 2245 1012 2294 At
1025 2245 1099 2293 Tuae.
1111 2246 1156 2301 IV,
1174 2245 1203 2302 3,
1218 2245 1257 2302 6,
1276 2243 1319 2292 elii

244 2335 298 2368 uun
310 2319 430 2380 riderent,
441 2322 567 2386 quomodo
579 2323 633 2373 hec
645 2337 703 2390 epte
711 2341 756 2374 cu-
798 2322 897 2386 quidam
910 2323 987 2373 codd.
998 2323 1071 2372 etiem
1080 2323 1265 2374 «eustenius-
1275 2337 1318 2370 ex-

243 2397 372 2450 haerereut.
384 2399 433 2450 Sed
445 2401 583 2466 corrigendi
595 2404 665 2454 loeus
674 2405 756 2456 nullm
797 2399 901 2452 hibent:
917 2413 946 2452 ut
961 2401 1172 2468 pronuntiandum
1191 2405 1244 2466 eit,
1265 2418 1317 2452 rent

244 2481 323 2530 detur.
332 2481 406 2540 Nam,
417 2503 430 2524 ι
442 2481 549 2536 didioieti
561 2483 659 2546 enimn,
673 2481 756 2552 ἔμαθες
799 2497 851 2532 non
861 2482 962 2546 liquere.
974 2484 1006 2532 G.

244 2555 293 2629 γὰρ
306 2593 314 2619 ,
328 2570 416 2623 notet,
428 2561 565 2612 adimendo
581 2565 756 2629 cognovisti„
834 2559 858 2611 8.
874 2561 979 2629 Vulgari
988 2577 1106 2612 annone.
1126 2562 1258 2611 Nostrates
1269 2575 1314 2625 pu

245 2639 262 2688 ἱ.
276 2656 299 2689 e.
312 2641 505 2692 «noetieuimu.
521 2641 561 2692 stc
573 2643 686 2694 adiecere
699 2660 757 2696 ceu-
793 2641 882 2705 putari
896 2641 998 2701 dicunt,
1016 2639 1043 2690 h.
1056 2658 1079 2692 e.
1096 2641 1136 2690 vel
1149 2639 1218 2705 plebi
1238 2639 1314 2688 intel·

244 2733 314 2766 eam·
327 2718 417 2769 dicitur
426 2722 496 2770 ont.
511 2735 552 2780 ιι,
563 2722 605 2782 51,
619 2734 644 2772 et
654 2736 756 2774 cenmnu
797 2719 995 2772 lecturienti.
1038 2711 1044 2724 '

244 2797 300 2848 alia.
310 2801 364 2856 Jem
373 2800 495 2864 posterior
502 2813 585 2850 autern
593 2805 757 2868 opponidonia
835 2815 861 2861 9.
873 2799 946 2848 Nihil
966 2799 1096 2869 definiunt.
1118 2797 1219 2848 Nullam
1236 2799 1313 2848 ratio·

244 2887 295 2938 eet,
314 2888 338 2926 et
359 2889 448 2926 uonna
464 2891 547 2940 notet,
566 2892 595 2930 ut
615 2883 756 2947 sepimine.
799 2895 855 2928 nem
867 2890 892 2927 et
905 2879 969 2928 vium
984 2878 1157 2928 tradendarum
1169 2880 1261 2928 artium
1276 2895 1313 2928 ee·

176 2957 183 2966 ‘
246 2956 406 3021 Relinquitur
428 2959 483 3008 lere
504 2961 686 3023 anacoluthon,
705 2979 756 3028 quo
799 2969 915 3023 quantur·
929 2959 1043 3024 Epicurei
1055 2969 1137 3008 tutem
1156 2973 1202 3008 ⁰0⁰
1218 2958 1312 3008 Rheb-

243 3035 310 3099 apud
319 3035 602 3103 Cic-nihillrequentiur
615 3053 661 3090 eet.
681 3041 756 3105 Quod
799 3039 889 3096 dmm,
915 3053 960 3086 nec
981 3038 1140 3088 Dialecticarn
1166 3037 1312 3101 probabant

244 3124 324 3162 autem
334 3117 439 3166 lluthius
451 3117 485 3166 itu
497 3117 554 3168 loco
568 3121 700 3180 medeatur,
714 3133 756 3182 ut,
798 3118 921 3166 Tuum-
928 3116 1000 3166 Nihil
1008 3129 1070 3182 apta
1084 3117 1200 3185 interrog.
1211 3115 1311 3166 conclu·

244 3191 463 3256 eludentem,
480 3198 569 3262 verba,
579 3221 592 3241 ι
601 3199 686 3248 eadem
702 3201 755 3265 ipse
798 3195 867 3246 nme.
880 3197 954 3247 Cous.
969 3194 1000 3243 de
1014 3195 1101 3246 iisdem
1109 3198 1184 3244 Tuae·
1196 3197 1231 3254 ΙΙ,
1249 3195 1275 3255 3,
1287 3209 1310 3254 7·

245 3269 351 3322 didicisti
357 3274 440 3322 enimn
449 3272 534 3340 (prout
543 3275 755 3348 Hfilsemdjdit),
797 3275 877 3323 Bentl.
891 3291 938 3340 pro
954 3273 1147 3340 determgatione
1164 3273 1258 3324 mavult
1270 3289 1310 3320 ur·

241 3349 345 3410 junctim
356 3353 494 3416 parenthesi
509 3357 757 3421 comprehendantur,
795 3353 1000 3420 gramentutiom
1027 3355 1097 3416 cuiue
1118 3353 1176 3402 luco
1201 3350 1308 3400 lliilaem.

245 3429 271 3476 iu
286 3445 317 3478 eu
326 3430 418 3495 nliqnid
430 3435 514 3498 ponit,
525 3435 594 3499 quod
600 3438 652 3501 ipra
666 3437 756 3501 linqua
798 3445 874 3499 «apta
892 3435 917 3482 in
931 3436 1024 3484 ratione
1034 3456 1047 3476 ι
1061 3433 1162 3492 suadet,
1170 3431 1311 3499 firkerecdt

245 3518 331 3558 natura
352 3513 461 3576 rapuit,
480 3529 570 3577 quum,
590 3527 678 3580 quarto
697 3518 755 3568 lcoo
798 3523 902 3562 venena.
912 3515 960 3564 Sed
973 3525 1002 3564 nt
1016 3517 1043 3564 iu
1060 3515 1109 3564 hcc
1121 3515 1229 3579 ignoro,
1251 3511 1310 3578 quid

244 3587 309 3636 enine
318 3587 384 3648 dici,
398 3606 429 3638 ue
438 3593 517 3655 poetis
526 3594 713 3659 quidemlimt.
722 3599 755 3646 G,
798 3593 830 3642 ait
843 3593 890 3640 «iu
900 3593 993 3642 radone
1001 3593 1150 3643 concludere
1160 3616 1173 3638 ι
1185 3627 1193 3654 ,
1206 3594 1241 3642 ite
1250 3590 1310 3642 illud

282 3681 306 3727 7.
323 3667 455 3735 Amafinii,
478 3681 523 3718 aut
540 3672 643 3724 Rabirii.
662 3675 755 3726 Mirum
797 3671 880 3736 potine
887 3671 1252 3738 ncepteglomajudiubte
1260 3675 1310 3722 nu·

244 3745 293 3797 eat,
313 3737 381 3802 quod
395 3737 484 3788 horum
499 3742 646 3807 scriptorum
665 3757 755 3812 preter
799 3751 857 3800 dum
870 3751 935 3800 enim
947 3755 978 3802 P.
991 3753 1067 3802 Fuher
1080 3753 1113 3802 ad
1124 3753 1152 3801 h.
1162 3753 1180 3800 l.
1195 3763 1264 3802 recte
1276 3751 1310 3798 vi·

244 3797 322 3866 clear.
332 3816 414 3868 nullus
424 3831 531 3870 veterum
544 3824 696 3874 meminerit:
711 3827 755 3878 eed
799 3828 848 3887 dit,
861 3830 1077 3896 interrogationem
1087 3829 1211 3899 (ipris-non
1223 3847 1233 3895 ς
1247 3829 1309 3880 coni.

246 3895 283 3945 rel
294 3895 342 3944 hoc
355 3897 435 3962 iprum
450 3899 520 3963 parvi
535 3917 619 3950 eorum
636 3906 709 3970 pretii
719 3906 754 3954 ai·
800 3908 868 3958 Suid.
877 3909 985 3976 hv.)de
994 3911 1210 3980 argumentationis
1219 3911 1308 3960 ratione

246 3989 319 4038 gnum
329 3976 435 4042 putebie.
446 3979 488 4027 Ad
496 3979 606 4042 eosdem,
623 3998 755 4049 eorumque
800 4005 951 4054 quacumque
960 3991 1028 4052 dici;
1039 4007 1113 4056 quem
1127 3993 1180 4056 ipre
1193 3991 1307 4042 conferes

246 4053 336 4104 similes
344 4053 379 4122 (v.
392 4073 429 4122 gr.
440 4059 549 4118 Catiumt
564 4063 630 4110 conr.
643 4063 713 4126 epist.
723 4065 755 4113 nd
801 4066 871 4118 Adde
881 4071 933 4118 tin.
944 4073 988 4130 tv,
1004 4067 1028 4130 ³,
1044 4087 1074 4134 7:
1089 4093 1101 4116 ι
1110 4082 1223 4134 purgum
1232 4071 1306 4135 (stoi-
