2770 4688
423 421 755 494 lumooucuo.
1075 453 1118 526 19

70 663 114 726 Er
128 685 194 752 quae
204 679 271 728 tum
284 686 331 727 ex
345 664 547 752 epistolarum
559 664 636 729 locis
647 667 729 730 iuter
745 690 778 731 sc
791 674 990 756 comparatis,
996 685 1063 736 tum
1078 697 1119 738 ee

104 775 292 857 argruneutis
313 770 443 835 aliunde
469 771 652 862 desumptis,
671 773 866 849 derivantur,
886 775 1025 843 brevt'bus
1047 802 1118 869 quoe

101 890 269 964 sequuntur
289 877 550 943 conclusiunculis
567 881 728 944 contruxit
744 880 826 945 doct.
850 879 962 946 Christ.
986 882 1116 973 Godofi.

102 981 222 1046 Solita.
243 983 291 1067 (in
308 981 405 1047 Acad.
425 983 524 1047 libros
544 984 794 1074 Prolegomena,
812 1009 846 1074 p.
864 986 926 1074 16.)

103 1235 127 1276 1.
146 1213 336 1278 Ciceronem
351 1214 433 1278 duos
450 1215 550 1279 libros
565 1215 853 1300 Academicorum,
870 1219 905 1282 in
923 1219 1043 1311 quibus
1060 1223 1121 1288 Ca·

62 1317 174 1401 tulum,
196 1319 373 1385 Lucullum
395 1336 428 1384 et
452 1323 663 1411 Hortensium
686 1324 907 1412 colloquentes
932 1325 1119 1413 induxerat,

61 1445 117 1486 non
134 1427 240 1490 solum
251 1427 440 1516 perfecisse,
461 1425 517 1491 sed
534 1427 630 1494 etiam
644 1429 754 1494 Attico
771 1451 826 1492 eos
843 1428 1046 1498 describendi
1065 1459 1120 1501 co-

60 1530 132 1617 piam
151 1534 275 1598 fecisse.

96 1659 121 1699 α.
143 1637 184 1702 lis
195 1655 374 1728 postquam
390 1655 483 1703 erant
493 1640 650 1723 absoluti,
663 1641 855 1705 Ciceronem
871 1665 954 1706 nova
965 1647 1120 1732 prooemia

60 1741 213 1827 addidisse,
224 1769 372 1836 quorum
381 1745 481 1812 altero
489 1747 653 1829 Lucullus,
662 1747 763 1811 altero
775 1747 909 1810 Catulus
924 1747 1119 1819 laudaretur.

95 1845 122 1912 3.'
135 1849 246 1914 Paullo
259 1866 338 1938 post
349 1849 519 1914 consilium
534 1852 672 1942 cepisse,
688 1849 778 1939 quod
793 1865 910 1914 notum
922 1869 1005 1916 esset
1015 1854 1121 1920 homi·
1202 1910 1203 1918 ,

61 1952 139 2035 nibus
153 1956 240 2020 viros
255 1955 330 2020 illos
345 1979 412 2019 non
430 1957 565 2020 omnino
580 1954 712 2044 quidem
729 1955 914 2039 illiteratos,
931 1957 988 2022 sed
1003 1983 1120 2050 parum

59 2058 302 2152 iupbilosophia
318 2078 460 2127 versatos
478 2085 564 2145 esse,
585 2061 797 2128 Academicos
815 2061 876 2126 hos
897 2086 1062 2132 sermones
1078 2065 1120 2130 ad

59 2163 195 2232 Catonem
212 2169 422 2258 Brutumque
440 2166 663 2234 transferendi.
816 2167 820 2174 ’
1015 2159 1019 2175 '

93 2277 120 2352 l.
142 2273 297 2364 Denique
317 2297 420 2361 quum
438 2274 472 2338 id
488 2274 596 2365 ipsum
612 2274 761 2370 agitaret,
782 2273 823 2340 ab
844 2275 952 2341 Attico
968 2275 1119 2342 admoni-

59 2391 135 2463 tum,
156 2382 213 2470 qui
236 2381 288 2470 id,
301 2381 440 2447 Varroni
458 2377 644 2462 jucundum
669 2380 817 2446 futurum
836 2405 905 2446 esse
930 2383 1118 2474 scripserat,

59 2505 157 2551 uotam
171 2489 300 2553 horum
313 2485 583 2554 Academicorum
601 2485 777 2552 editionem
794 2509 938 2578 parasse,
952 2489 1062 2554 multis
1079 2513 1119 2554 ex

57 2592 146 2676 priore
160 2593 335 2668 detractis,
354 2593 422 2657 aliis
435 2592 569 2676 additis,
586 2609 726 2694 quatuor
738 2593 826 2657 libris
840 2593 1118 2686 comprehensam,

57 2693 83 2757 in
98 2720 189 2788 caque
206 2700 353 2767 Varroni
369 2695 600 2780 Antiochinas,
631 2697 692 2766 sibi
713 2699 822 2764 autem
847 2699 993 2766 Philonis
1010 2716 1117 2791 partes

56 2804 230 2872 attribuisse.

91 2909 151 2975 lam
166 2913 226 2977 etsi
245 2911 395 3001 priorem
411 2907 586 2974 editionem
606 2909 720 2973 Cicero
743 2907 811 2998 ipsc
828 2909 933 2974 noluit
948 2909 982 2974 in
1001 2933 1116 2976 manus

56 3011 208 3082 bominum
227 3017 422 3108 pervenire,
441 3014 603 3103 divulgata
622 3031 731 3079 tamen
750 3031 828 3079 sunt
847 3039 886 3079 eo
903 3015 1060 3081 insciente
1078 3039 1117 3081 cx

55 3125 227 3212 apographo,
245 3122 291 3190 ad
315 3123 459 3187 Atticum
489 3121 587 3186 misso
616 3120 764 3214 quaedam
792 3119 956 3210 exempla3
993 3138 1026 3185 et
1049 3121 1115 3188 boc

56 3225 138 3292 uodo
150 3229 230 3294 liber
247 3225 434 3311 secundus,
447 3226 600 3290 Lucullus
610 3225 782 3314 inscriptus
790 3273 799 3307 ,
807 3223 848 3288 ad
857 3240 1000 3289 nostram
1009 3248 1114 3314 usque

54 3349 161 3399 etatem
176 3352 329 3405 servatus
347 3350 407 3399 est.

88 3441 219 3508 Alterius
233 3459 351 3509 autem
371 3441 539 3523 editionis,
557 3437 598 3504 ad
617 3439 796 3504 Varronem
812 3437 934 3522 misse,
950 3439 1112 3530 fragmen·

54 3557 111 3608 tum
123 3563 249 3614 tantum
266 3564 421 3638 superest
435 3547 506 3612 libri
523 3547 636 3635 primi,
654 3545 777 3636 reliqua
792 3561 907 3634 praeter
922 3545 1010 3612 locos
1027 3568 1113 3610 non·

54 3652 142 3719 nullos
163 3681 182 3720 a
203 3654 442 3748 grammaticis,
461 3655 539 3718 item
561 3653 745 3733 Lactantio,
770 3653 953 3744 Augustino
979 3654 1110 3736 citatos,

51 3759 218 3847 perieumt5
230 3763 297 3838 nisi
312 3763 398 3827 forte
408 3762 586 3826 etiamnum
595 3759 713 3826 alicubi
721 3759 755 3823 in
766 3757 969 3825 bibliothecis
980 3760 1109 3826 lateant.
