2724 4690
419 392 803 462 ARGUMENTUM.
1071 417 1136 464 nar

114 517 148 576 de
158 530 339 592 unaquaque
351 513 472 572 seorsim
484 513 647 573 dicendum.
654 513 710 592 (Dc
719 514 848 594 physicis
858 515 984 593 agitur,§
999 517 1145 592 trs-1283

116 614 151 673 de
163 611 285 684 ethicis,
300 615 317 682 ς
334 621 475 688 rap-1413
492 611 693 671 dedialecticis
705 617 720 684 §
733 613 884 687 tac-146.)
897 618 1062 692 Antequam
1074 635 1148 674 vero

115 712 188 770 huuc
202 710 300 788 ipsam
312 707 539 786 disputationem
556 709 718 788 ingreditur
734 733 742 767 ι
758 725 844 788 negat
857 729 918 770 esse
927 713 1152 790 quemquamita

115 803 450 886 opinionibusinilatum,
463 805 621 884 quieorum
635 806 764 866 omnium
774 820 950 866 certamesse
960 809 1152 887 cognitionem

115 904 233 974 eredat,
258 921 351 980 quum
370 915 414 962 tot
432 903 560 962 rationes
577 923 614 962 ex
632 903 694 962 sola
711 903 878 981 conjectura
897 904 1050 983 pendeant.
1070 909 1155 984 lpsos

114 1008 304 1072 Geometras,
318 998 369 1077 qui
382 998 544 1058 rationibus
556 999 615 1057 suis
625 1017 729 1076 cogere
740 999 912 1073 credantur,
925 1001 1068 1080 principia
1081 1022 1151 1076 sua,

114 1111 147 1158 ut
161 1115 316 1168 concessa,
330 1115 391 1154 non
408 1109 442 1156 ut
455 1095 593 1177 probata,
609 1115 728 1175 ponere.
741 1101 810 1156 Neo
816 1098 991 1176 sapientem,
1004 1100 1094 1158 solem
1107 1114 1151 1160 tot

114 1195 250 1274 pertibus
267 1208 346 1254 terra
366 1192 504 1271 majorem
518 1214 594 1266 esse,
610 1206 684 1272 quot
704 1193 748 1252 illi
765 1193 908 1266 doceant,
926 1194 1100 1273 juraturum.
1121 1198 1152 1258 Si

114 1287 204 1366 igitur
222 1307 261 1345 ne
280 1286 386 1346 horum
405 1286 524 1368 quidem
548 1285 711 1346 rationibus
730 1286 844 1365 sapiens
862 1287 1032 1362 confident,
1059 1289 1154 1349 multo

114 1385 210 1444 minus
220 1383 257 1442 iis
270 1383 525 1463 philosophorum.
539 1389 589 1457 Et,
602 1384 628 1442 si
642 1383 689 1442 vel
705 1384 829 1444 maxime
842 1384 927 1457 velit,
943 1405 1069 1463 quornm
1083 1399 1150 1444 tan-

114 1481 259 1560 demptae
272 1480 375 1541 ceteris
386 1483 399 1569 i
412 1481 515 1559 Pingat
534 1479 589 1540 sibi
607 1480 672 1559 quis
690 1501 768 1540 nunc
785 1481 1006 1557 maximeficn',
1019 1483 1152 1542 nondum

114 1599 192 1652 esse,
206 1579 383 1658 sapientem,
394 1579 459 1658 qui,
475 1577 591 1658 ingenio
602 1577 743 1657 praeditus
756 1577 867 1650 divino,
879 1579 1004 1658 aliquam
1015 1581 1150 1660 physico·

115 1696 180 1736 rum
195 1675 379 1755 disciplinam
394 1675 451 1735 sibi
464 1695 524 1756 prae
541 1675 644 1735 ceteris
658 1676 761 1754 eligat,
776 1674 981 1754 profectusque
997 1697 1014 1735 e
1029 1679 1153 1738 Thalete
1245 1729 1248 1734 .

115 1774 151 1834 ad
163 1776 319 1834 Platonem
331 1794 423 1852 usque
435 1773 562 1852 singulas
576 1772 755 1852 singolorum
770 1771 807 1830 de
820 1773 969 1851 principiis
982 1793 1078 1834 rerum
1095 1790 1153 1836 tam

114 1871 246 1933 diversas
262 1873 339 1932 inter
352 1892 382 1932 se
397 1872 552 1932 sententias
566 1883 730 1950 cognoscat.
740 1875 959 1948 Quamcumque
976 1885 1074 1930 antem
1087 1872 1152 1940 hic,

115 1968 256 2048 neglectis
272 1980 332 2040 tot,
350 1968 494 2046 tantisque
516 1965 733 2046 (posteriorum
744 1966 926 2046 temporum)
946 1966 1149 2047 philosophis,

115 2085 150 2124 en
164 2066 287 2124 illorum
303 2064 451 2124 sententiis
466 2063 570 2142 eligat,
588 2081 651 2121 eam
665 2062 851 2122 certissimam
866 2082 927 2122 esse
941 2062 1067 2136 dehere;
1091 2077 1149 2124 tam

116 2175 240 2236 certam,
256 2181 346 2240 quam
357 2163 449 2220 stoico
464 2161 572 2220 scilicet
591 2160 730 2239 sapienti,
745 2160 886 2219 mundum
898 2161 1056 2240 sapientem
1071 2183 1151 2237 esse,

116 2273 145 2318 et
158 2273 276 2331 mente,
289 2257 425 2318 'omniurn
443 2257 590 2318 effectrire
603 2270 690 2335 atque
704 2257 838 2329 rectrice,
852 2257 1007 2336 preditum
1022 2283 1030 2317 ε
1042 2261 1153 2334 stellas,

117 2369 241 2430 ιοιιιιιιι,
252 2375 350 2426 mare,
364 2356 435 2414 deos
448 2375 525 2428 esse,
543 2367 597 2413 etc.
616 2360 631 2427 s
649 2355 784 2414 uti-tao.
798 2359 869 2415 Haec
881 2353 1068 2436 (Stoicorum)
1082 2377 1152 2418 vera

116 2466 148 2511 ut
163 2453 239 2524 sint,
256 2471 311 2532 per
326 2471 358 2511 se
370 2451 457 2510 licere
476 2472 483 2508 ι
500 2449 549 2510 sed
564 2450 676 2529 percipi
689 2469 750 2508 non
764 2469 867 2529 posse;
888 2471 983 2530 neque
999 2455 1120 2514 concedi
1133 2475 1150 2514 a

118 2550 251 2629 reliquis,
271 2570 299 2608 r.
316 2570 342 2608 c.
358 2548 536 2607 Aristotele:
553 2547 674 2606 Lucullo
692 2561 788 2606 autem
801 2546 923 2621 eadem,
944 2549 1100 2619 utrium,
1122 2565 1152 2611 et

118 2646 246 2720 famam,
269 2644 454 2705 defendenda
473 2663 544 2704 esse.
563 2644 612 2704 Sic
632 2645 729 2723 perire
746 2644 799 2724 (ne
815 2657 968 2723 tangatur,
987 2667 1075 2724 quam
1088 2649 1151 2710 leve

117 2745 153 2803 sit
173 2758 284 2804 temere
308 2742 561 2820 assentiri)ipsam
577 2740 729 2819 judicandi
742 2741 926 2802 libertatem.
952 2747 989 2801 V.
1012 2765 1036 2802 c.
1059 2765 1149 2822 quum

117 2839 204 2900 deum
218 2852 347 2900 statuant
363 2839 461 2898 omnia
470 2838 621 2898 hominum
634 2857 721 2897 eausa
732 2838 840 2911 lacere,
854 2851 1055 2917 etquaeratur,
1069 2841 1148 2900 unde

120 2951 160 2997 tot
174 2939 207 2996 in
217 2949 323 2997 natura
333 2956 431 2996 rerum
444 2936 491 2994 his
501 2935 589 2994 noxia
599 2937 611 2993 l
622 2949 718 2994 tamen
731 2935 857 3014 hisipsis
866 2937 1149 3020 tantamsapieutiam

118 3034 210 3095 inesse
223 3035 298 3108 dici,
315 3045 349 3094 ut
361 3033 422 3092 sine
436 3032 492 3092 deo
508 3031 583 3091 effici
596 3047 757 3110 nequeant3
779 3031 861 3109 cnjus
874 3032 1088 3110 providentiam
1101 3036 1149 3094 vel

118 3132 154 3190 ad
165 3133 355 3192 minimasres
366 3129 533 3190 adhibeant.
547 3134 587 3188 At
596 3129 643 3188 isti
652 3149 741 3206 quum
756 3149 773 3187 a
786 3128 841 3187 deo
852 3130 948 3187 omnia
963 3130 1025 3188 fieri
1036 3129 1148 3205 dicant,

119 3232 285 3290 Stratonem
298 3241 400 3287 contra
412 3231 527 3307 Lampo.
544 3225 581 3284 ad
595 3225 696 3284 mundi
710 3225 902 3298 existentiam,
922 3237 953 3284 et
963 3226 1150 3305 gubernatio-

119 3347 195 3396 nem,
209 3326 335 3386 deorum
348 3345 404 3404 ope
412 3325 485 3384 nihil
499 3324 636 3403 indigere.
649 3329 694 3383 Ita
705 3343 765 3382 non
774 3323 862 3382 deum
872 3324 965 3383 solum
972 3327 1149 3407 graviopere

119 3423 215 3482 solvi:
234 3422 287 3482 sed
315 3421 418 3480 timore
444 3421 531 3480 etiam
553 3419 699 3494 homines;
725 3420 835 3498 quiex
860 3409 1002 3500 perpetua
1025 3423 1075 3482 illa
1102 3425 1150 3485 dei

119 3541 190 3580 cura
204 3540 267 3579 non
284 3519 411 3599 possint,
431 3519 504 3595 quin
523 3517 645 3576 deorum
659 3537 767 3576 numen
787 3516 933 3576 horreant.
958 3519 996 3577 Se
1014 3520 1150 3600 quidem,

121 3637 209 3695 quum
223 3618 281 3676 ista
293 3616 390 3675 densis
406 3611 533 3674 tenebris
549 3613 755 3686 obscurentur,
767 3614 863 3673 neutri
875 3615 1020 3690 assentiri;
1036 3619 1149 3697 proha·

120 3712 205 3774 bilius
221 3714 283 3792 jam
297 3714 371 3787 hoc,
386 3712 446 3791 jam
463 3711 537 3772 illud
556 3711 660 3771 videri.
676 3717 713 3772 Et
731 3725 841 3770 tantum
861 3712 978 3788 abesse,
1001 3727 1035 3774 ut
1049 3718 1150 3779 mentis
1219 3711 1222 3724 '

122 3807 180 3871 acie
194 3831 241 3872 res
252 3824 284 3871 et
295 3811 440 3884 celestes,
454 3822 485 3869 et
497 3823 575 3868 term
591 3809 770 3878 reconditas,
784 3810 935 3890 percipere
950 3812 1051 3885 liceat,
1064 3817 1151 3874 utvel

123 3927 246 3989 corpora
266 3921 367 3968 nostra
382 3908 564 3988 ignoremus,
589 3925 654 3986 qure
674 3920 769 3966 tamen
788 3907 915 3967 sectione
929 3909 1010 3967 nosci
1030 3911 1149 3988 possint.

125 4008 187 4064 Non
199 4007 290 4086 igitur
304 4006 437 4084 liquere,
461 4019 560 4064 utrum
574 4018 653 4064 terra
664 4005 722 4064 fixa
734 4004 803 4064 sede
818 4017 934 4077 utatur,
958 4025 994 4064 an
1010 4006 1107 4065 medio
1121 4008 1150 4066 in

126 4105 191 4163 calo
206 4105 351 4186 pendeat;
374 4123 452 4176 non,
464 4103 595 4163 habitata
608 4104 645 4162 sit
656 4104 739 4175 lrrna,
756 4123 847 4162 necne
865 4125 873 4161 ε
888 4103 960 4161 nihil
974 4102 1011 4160 de
1024 4105 1151 4184 Antipo-
