2764 4688
267 367 338 440 206
417 369 791 463 INTRODUCTIO
816 370 873 440 IN
898 367 1208 438 LUCULLUM.

266 488 414 554 sufficere
435 487 630 554 videbantur
651 489 693 554 ad
711 489 916 554 obscuritatis
935 509 1063 553 oausam
1082 487 1117 550 in
1137 503 1188 552 tot
1208 489 1321 554 Luculli

266 595 345 660 locis
365 617 385 658 a
407 595 563 660 Cicerone
585 593 819 677 amoliendam,
838 609 872 658 et
896 593 1033 658 omnino
1056 594 1158 658 tutius
1175 594 1321 674 judicium

264 701 306 766 de
322 701 387 766 hoo
403 702 473 789 ipso
493 703 578 766 libro
597 701 779 767 ferendum.
807 701 931 766 Clanius
954 699 1051 764 etiam
1068 699 1154 783 hoc,
1183 701 1270 789 quod
1291 725 1323 766 ex

266 825 355 896 parte
368 809 434 889 jam
455 807 711 884 Tennemnnnus
727 809 845 896 aliique
862 806 1031 888 viderunt,
1053 807 1194 894 patebit,
1214 809 1277 872 sola
1294 810 1322 871 in

263 914 401 980 Lucullo
416 915 595 979 Antiochea
609 931 641 978 et
654 913 844 978 Philoniana
860 914 1009 978 tractari:
1026 935 1148 1000 eaque,
1160 913 1197 978 ni
1207 913 1322 1002 penitus

263 1019 367 1102 fallor,
383 1019 434 1084 vel
451 1018 492 1084 de
506 1021 556 1084 his
570 1019 692 1100 valere,
718 1041 790 1108 quae
812 1019 984 1084 Carneadis
1001 1033 1034 1083 et
1050 1019 1245 1084 Clitomachi
1259 1020 1323 1083 affe·

264 1143 393 1209 runtur,
406 1149 438 1190 v.
453 1147 481 1189 c.
494 1130 511 1206 s
525 1147 568 1212 99
584 1145 673 1213 seqq.
687 1131 750 1206 et§
767 1124 847 1208 103,
865 1139 925 1190 etc.
943 1126 1044 1189 solam
1060 1123 1181 1189 deinde
1195 1141 1321 1200 vestem,

263 1231 298 1296 id
314 1248 384 1314 est,
403 1232 562 1296 sermonis
579 1231 725 1314 colores,
745 1232 870 1295 auctori
888 1230 1021 1312 deberi3
1044 1231 1107 1296 nisi
1125 1229 1217 1319 quod
1234 1233 1322 1295 multa

263 1335 304 1402 ad
319 1337 457 1402 verbum
475 1337 572 1400 etiam
587 1359 679 1402 versa
696 1359 735 1402 ex
753 1336 883 1401 illorum
898 1337 987 1402 libris
1010 1338 1132 1402 intexta
1154 1336 1322 1426 deprehen·

264 1441 401 1526 duntur,
416 1443 458 1508 ad
473 1467 545 1532 quae
560 1465 621 1508 suo
635 1443 708 1508 loco
722 1443 756 1507 in
771 1441 979 1508 adnotatione
995 1443 1208 1532 respeximus.

309 1551 423 1614 Unum
439 1550 504 1615 hoe
524 1549 703 1631 addamus,
731 1565 805 1638 apte
820 1566 853 1614 et
868 1550 1037 1639 ingeniose
1059 1547 1192 1613 finxisse
1211 1549 1322 1612 Cisom-

264 1678 358 1738 nem,
389 1657 423 1720 in
456 1657 566 1745 priore
590 1656 674 1720 libro
697 1656 866 1739 Catulum,
890 1656 925 1719 in
946 1655 1126 1745 posteriore
1142 1655 1321 1735 Lucullum

264 1762 356 1826 ilium
370 1761 544 1827 Carneadis
561 1762 755 1826 sententiam
768 1787 787 1827 a
800 1779 912 1850 patre,
933 1761 1023 1826 huno
1044 1761 1219 1843 Antiochi,
1238 1761 1322 1824 abeo

266 1868 356 1956 ipso,
379 1869 591 1958 cognovisse:
605 1883 644 1932 ut
656 1883 795 1955 uterque
809 1867 930 1931 horum
948 1867 1009 1931 ista
1026 1889 1066 1930 ex
1083 1867 1249 1931 memoriae
1263 1865 1322 1928 the·

264 1995 361 2038 sauro
375 1996 524 2062 promere
531 1973 811 2063 videretur‚quum
820 1989 937 2038 neuter
948 1995 988 2037 ex
999 1973 1215 2062 philosophiae
1227 1971 1321 2038 studio

264 2078 414 2165 cognitus
427 2095 520 2144 esset.
534 2081 601 2145 An.
613 2079 706 2163 XIII,
714 2103 764 2168 ep.
779 2079 830 2144 16.
845 2077 938 2167 (Quo
948 2095 1056 2143 tamen
1068 2079 1143 2143 loco
1155 2077 1322 2144 tenendum

264 2199 328 2263 est,
347 2193 458 2264 ἀτριψίιν
479 2185 565 2248 iliam
585 2208 654 2250 non
673 2187 719 2251 sic
733 2185 953 2275 accipiendam
970 2207 1056 2266 esse,
1072 2185 1150 2250 acsi
1168 2185 1205 2250 hi
1221 2187 1322 2249 harum

178 2347 183 2360 ,
254 2309 375 2376 'retum
388 2289 485 2376 plane
497 2289 595 2356 rudes
610 2293 742 2358 fuerint.
760 2293 946 2382 Tetigerant
963 2315 999 2356 ea
1015 2292 1095 2356 olim
1110 2293 1142 2355 in
1153 2289 1323 2373 juventutis

265 2392 399 2476 studiis,
422 2410 461 2458 ut
471 2395 625 2462 cultiores
638 2399 778 2462 Romani
791 2416 862 2463 tum
877 2400 944 2463 fere
960 2420 1094 2463 omnes:
1119 2397 1180 2462 aed
1194 2397 1323 2463 sonions

265 2498 333 2585 ipsa
344 2498 569 2588 neglexerant3
585 2502 619 2567 id
637 2519 694 2586 est,
708 2503 826 2568 eruditi
844 2519 950 2584 erant,
964 2526 1032 2567 non
1046 2501 1157 2590 docti.)
1176 2501 1259 2567 Inde¹
1269 2517 1324 2564 tan·

203 2593 215 2605 ⁵
264 2620 376 2691 topere
390 2606 487 2670 etiam
505 2606 558 2673 illa
575 2629 678 2674 rerum
692 2611 842 2673 memoria
855 2609 889 2672 in
904 2609 1039 2674 Lucullo
1051 2609 1250 2690 celebratur,
1262 2625 1322 2694 qne

263 2709 338 2775 alias
354 2711 388 2775 in
405 2712 470 2778 hoc
488 2715 576 2796 viro,
593 2715 633 2780 de
648 2737 715 2803 quo
729 2716 843 2780 Cicero
855 2715 889 2778 in
906 2729 958 2780 tot
975 2715 1017 2780 ad
1032 2715 1176 2780 Atticum
1192 2712 1321 2804 epistolis

263 2815 360 2906 longe
371 2841 463 2884 secus
473 2819 618 2903 judicat,
632 2820 765 2886 laudem
776 2837 843 2886 tam
857 2821 1034 2911 benignam
1050 2822 1105 2888 vix
1123 2823 1298 2913 reperisset
