2786 4674
514 351 734 451 TlMAEUS.
760 397 764 418 ¹
793 396 796 402 '
1097 379 1172 477 619

99 505 334 569 numantiorum
345 499 429 558 simul
443 513 473 559 et
486 499 662 578 optimorum
675 501 768 580 gratia
779 514 971 559 ornaverunt:
985 521 1053 560 nam
1064 501 1171 580 ingrcs-

100 593 303 671 sum-quidem
316 592 556 667 necessariorum,
577 613 723 672 egressum
739 612 809 653 vero
827 593 1005 671 optimorum
1021 595 1113 672 gratia
1124 614 1174 652 cx-

104 689 289 766 cogitavere:
308 706 412 766 nempe
432 687 626 746 necessarium
646 701 709 760 est,
729 685 871 765 quidquid
894 685 930 746 ad
956 687 1122 745 alimoniam
1142 689 1174 745 in

102 800 214 859 eorpus
229 780 408 852 admittitcr;
422 779 581 839 verborum
593 793 689 842 autem
701 780 839 850 effluxio,
853 777 984 838 ministrs
996 778 1170 857 prudentiae,

101 871 436 932 elflrminnnmomnium
450 872 559 950 optima
573 886 714 952 estatqne
727 871 930 951 pulcherrima
945 875 1039 950 Cepot
1053 885 1171 950 prseter-
1232 885 1236 893 “
1335 899 1339 908 ·

99 985 140 1024 ea
153 964 235 1024 nudo
251 983 314 1024 osse
327 964 467 1041 relinqui,
481 964 561 1023 omni
570 964 627 1024 alic
641 966 766 1043 tegmine
778 963 964 1036 destitutum,
977 979 1045 1022 non'
1055 977 1172 1042 poteret

99 1069 229 1136 propter
242 1057 345 1116 caloris
358 1055 532 1134 frigorisque
543 1076 691 1116 excessum
704 1079 711 1114 ε
734 1075 829 1135 neque
840 1075 940 1122 rursus
953 1057 1082 1114 carnium
1094 1051 1172 1134 pon-

101 1147 176 1208 dere
192 1161 417 1226 praegravatum,
431 1167 532 1206 seusus
551 1167 655 1228 expers
675 1147 871 1227 obtusumque
892 1147 1071 1208 reddendum
1092 1161 1169 1208 erut:

99 1258 193 1300 carne
202 1240 292 1318 igitur
306 1260 366 1300 non
378 1242 494 1319 penitus
509 1240 652 1300 desiccata
673 1241 837 1314 residuum,
858 1241 938 1319 quod
959 1242 1050 1318 majus
1071 1259 1171 1320 super·

100 1346 183 1405 erat,
195 1345 373 1410 segregatum
387 1347 447 1404 est,
461 1334 592 1410 cutisque
609 1323 689 1412 ipse,
709 1333 787 1394 cirm
807 1333 921 1392 cerebri
938 1333 1090 1392 humorem
1114 1331 1170 1390 sibi

99 1427 160 1506 ipsi
171 1425 272 1504 junctu
285 1439 315 1484 et
331 1426 512 1504 germinans,
531 1439 620 1504 capnt
635 1426 878 1486 circumvestivit:
893 1426 1049 1485 humiditas
1060 1439 1172 1496 autem,

100 1516 324 1594 subjuncturus
340 1519 515 1591 scaturiens,
536 1518 667 1597 irrigavit
686 1519 888 1598 compegitque
911 1519 1004 1598 ipsam
1022 1518 1060 1577 ad
1077 1518 1169 1578 verti-

100 1630 168 1670 cem
179 1631 189 1666 t
200 1609 402 1688 juncturarum
415 1631 488 1670 vero
500 1612 610 1689 speeies
626 1612 705 1672 varia
720 1625 841 1691 propter
854 1613 1056 1672 circuitionum
1070 1611 1171 1670 elimo·

101 1701 218 1778 nmque
235 1701 395 1781 potentiam
409 1703 484 1762 facta
497 1714 555 1762 est:
572 1716 602 1762 et
614 1702 660 1762 his
673 1703 790 1783 quidem
801 1705 890 1782 magis
902 1705 1025 1764 invicem
1034 1723 1168 1783 pugnan—

101 1792 181 1854 tibus
194 1793 302 1872 plures,
321 1795 417 1854 nunus
430 1814 501 1853 roro
515 1795 669 1874 pauciores
682 1817 689 1852 :
712 1796 789 1856 hanc
800 1816 917 1856 omnem
931 1811 1028 1856 ¹cutem
1041 1794 1169 1874 undique

99 1885 169 1963 igne
182 1887 311 1965 pupugit.
317 1887 514 1966 percussitque
527 1893 619 1947 Deus:
633 1907 687 1968 per
698 1889 770 1948 cutis
784 1889 852 1948 inde
867 1891 950 1968 quusi
961 1890 1064 1950 saumae
1077 1891 1169 1948 rinm-

100 1979 144 2038 las
160 1978 267 2038 buntur
283 1979 410 2040 effluxit:
430 1981 546 2059 quodve
565 1982 624 2040 illic
646 1981 797 2042 humidum
822 1983 1005 2063 calidumque
1025 1984 1169 2044 sincerum

99 2083 180 2142 erat,
196 2068 282 2143 abiit,
293 2071 373 2149 qued
385 2092 456 2130 vero
470 2091 507 2131 ex
519 2073 636 2146 iisdem,
645 2072 752 2152 quibus
765 2089 795 2133 et
807 2075 881 2134 cutis
888 2118 897 2148 ,
909 2088 972 2134 erat
982 2076 1167 2154 permixtum,

99 2157 292 2222 emanationis
299 2165 408 2242 impetu
420 2177 501 2222 extra
511 2165 704 2242 productum,
717 2166 747 2224 in
760 2167 879 2242 longum
891 2179 1042 2225 extensum
1055 2179 1111 2242 est,
1126 2179 1169 2224 te·-

98 2255 237 2316 nnitatem
253 2257 404 2335 punctioni
416 2258 667 2337 penetrnticniqne
678 2257 720 2316 illi
733 2259 873 2336 equalem
885 2258 1014 2320 babens:
1031 2258 1082 2318 sed
1096 2279 1165 2338 pro·

98 2361 166 2426 pter
187 2348 350 2410 tarditatem
369 2349 512 2427 aspicito
536 2350 737 2410 circunstante
760 2365 907 2426 retusum,
934 2371 1093 2432 rursusque
1113 2349 1168 2410 sub

98 2454 195 2500 mtem
214 2444 394 2514 revolutum,
413 2442 526 2502 radices
545 2444 620 2522 egit:
640 2443 687 2502 his
701 2445 804 2522 utique
823 2445 916 2504 causis
938 2445 1036 2524 capilli
1056 2447 1169 2503 incute

96 2547 167 2592 sont
179 2535 254 2607 nati,-
270 2535 427 2594 secundom
442 2535 525 2614 pellis
539 2537 670 2615 cotiique
683 2538 899 2598 similitudinem
916 2539 976 2597 cuti
993 2557 1081 2616 quem
1096 2557 1167 2615 puro-

96 2628 183 2698 nitni,
199 2627 250 2684 sed
263 2641 386 2706 propter
398 2629 628 2706 cumulationem
640 2650 658 2686 a
670 2629 826 2708 frigiditate
842 2631 944 2688 factam
957 2629 1091 2687 duriores
1101 2642 1168 2687 cute

97 2733 186 2796 atquc
198 2718 359 2780 densiores:
373 2740 478 2798 nempe
491 2721 612 2799 capillus
625 2735 708 2779 extre
722 2734 817 2780 cotem
827 2720 988 2799 productus
1001 2721 1109 2799 frigore
1123 2723 1166 2780 ri·

97 2811 175 2888 guit:
190 2810 246 2868 boc
258 2825 345 2888 pacto
359 2799 554 2890 constipatum
566 2812 768 2890 hirsutumque
785 2827 875 2892 caput
887 2811 972 2872 nobis
989 2817 1067 2871 Deus
1083 2813 1165 2871 insti-

98 2902 168 2974 tnit,
183 2905 275 2964 musis
293 2903 411 2981 quidem
427 2923 495 2963 usos
512 2905 584 2975 illis,
604 2923 676 2982 quas
695 2904 839 2964 diximus:
859 2918 972 2983 tegmen
986 2905 1164 2983 semipsum

97 2993 137 3052 ad
148 2995 262 3054 cerebri
274 2997 394 3058 tutelam
402 3016 462 3055 uon
473 2996 609 3056 carnibus
618 2995 831 3074 ponderosum,
843 2996 893 3056 sed
908 2999 970 3056 leve
983 3015 1045 3055 esse
1055 2995 1165 3068 voluit,

97 3087 181 3166 quod
192 3088 229 3148 ad
251 3090 366 3168 frigoris
385 3089 526 3148 colorisve
545 3089 745 3168 intemperiem
759 3089 955 3169 repellendum
968 3089 1113 3148 sufficeret
1135 3101 1165 3147 et

97 3199 198 3240 sensus
214 3202 337 3242 acumen
359 3182 477 3241 minime
492 3182 669 3261 impediret:
692 3201 727 3240 ea
748 3201 836 3252 nero,
860 3202 926 3260 quse
948 3181 979 3238 in
998 3178 1095 3258 digitis
1108 3194 1165 3250 est,

96 3275 195 3344 nervi,
217 3275 300 3352 pellis
316 3288 347 3334 et
360 3275 433 3334 ossis
445 3275 624 3354 complexio,
642 3274 755 3334 aridior
770 3277 861 3348 fecta,
875 3273 1022 3332 communi
1039 3271 1165 3350 qondam

97 3385 158 3424 tuto
171 3366 341 3446 daricriqne
356 3367 432 3426 cutis
448 3367 572 3446 tegmine
594 3381 638 3426 est
656 3366 797 3446 adoperta
810 3389 817 3424 ε
832 3366 915 3444 cujus
932 3365 1051 3443 quidem
1069 3385 1165 3425 acces·

96 3455 176 3514 soriu
189 3456 378 3536 ministroque
391 3479 479 3518 cansa
489 3459 519 3516 in
530 3461 585 3533 iis,
602 3479 668 3537 qnae
679 3460 823 3530 diximus,
838 3459 982 3518 constitit:
997 3457 1166 3539 principalis

97 3559 196 3605 autem
206 3567 292 3608 caum
305 3549 335 3607 in
347 3550 593 3628 cointelligentia,
607 3571 673 3630 qnae
685 3551 716 3610 id
727 3553 833 3611 futurae
846 3545 1060 3632 commoditatis
1073 3553 1164 3632 gratia

97 3636 268 3700 fabricarit:
284 3642 362 3718 qnod
378 3642 456 3702 enim
470 3663 506 3702 ex
519 3644 585 3702 viris
595 3643 772 3722 quandoque
781 3643 919 3703 mulieres
935 3656 965 3702 et
983 3655 1088 3703 ceterae
1100 3645 1164 3702 sni-

96 3743 208 3790 mantes
233 3745 316 3792 erant
342 3735 460 3810 futurae,
484 3735 576 3794 nostri
600 3735 644 3794 illi
668 3724 786 3814 opifices
808 3755 868 3794 non
889 3733 1076 3815 ignorabunt:
1093 3735 1164 3813 quin

96 3825 201 3896 etiam,
213 3825 293 3903 quod
308 3829 447 3906 unguium
459 3849 544 3888 usum
554 3826 654 3887 bestiae
668 3849 786 3906 qnoque
801 3830 898 3888 multae
914 3828 952 3888 ad
970 3847 1059 3906 opera
1074 3830 1164 3888 multa

95 3929 179 3975 erant
191 3912 348 3992 babiturae,
366 3919 578 3998 intelligebant:
591 3935 771 4000 quapropter
787 3922 919 3982 homines
939 3921 1034 3980 statim
1051 3921 1164 3998 genitos

97 4008 246 4088 unguibus
259 4027 463 4071 armavemt:
486 4013 540 4072 hac
556 4015 655 4091 utique
673 4014 786 4073 ratione
801 4029 831 4073 et
848 4014 895 4073 his
916 4013 952 4072 de
966 4012 1058 4072 camis
1071 4011 1165 4091 pelle,

96 4101 224 4180 capillis,
240 4103 383 4183 unguibus
396 4119 524 4165 cntruma
540 4105 670 4167 membra
684 4127 837 4186 operuere.
