2784 4662
288 341 592 431 inruemur,
618 341 901 428 numnis.
1047 343 1120 442 439

69 465 134 550 Tu,
157 482 273 559 quum
296 461 467 536 honestas
485 465 521 536 in
540 462 726 563 voluptate
744 461 1011 536 contemnenda
1030 490 1119 538 con·

68 573 180 660 sistat,
199 571 424 645 honestatem
436 571 469 618 ¹⁵
485 597 568 646 cum
585 576 786 674 voluptate,
804 588 988 673 tamquam
1003 573 1119 648 homi·

69 704 144 752 nem
164 707 251 754 cum
267 679 407 772 bellua,
425 683 636 781 copulabis?

109 794 230 862 XLVI.
263 796 384 864 Unum
415 797 525 890 igitur
552 817 638 892 par,
665 791 765 891 quod
789 793 973 891 depugnet
988 802 1013 880 ¹,
1034 793 1117 866 reli·
1134 811 1183 870 rto
1233 861 1237 868 .

68 923 174 995 quum
199 917 277 990 est,
306 901 472 1001 voluptas
496 928 580 976 cum
604 903 802 976 honestate.
831 905 886 972 De
907 926 982 1000 quo
1001 902 1118 1000 Chry-

68 1008 162 1106 sippo
183 1007 274 1097 fuit,
291 1025 467 1109 quantum
487 1037 555 1112 ego
574 1015 711 1100 sentio,
729 1036 806 1083 non
823 1034 953 1108 magna
970 1027 1118 1084 conten·

68 1119 121 1187 tio.
146 1117 310 1192 Alterum
332 1123 361 1192 si
384 1146 554 1220 sequare,
576 1122 689 1194 multa
712 1135 825 1194 ruunt
835 1130 863 1209 ²,
895 1134 931 1194 et
963 1123 1117 1194 maxime

68 1230 297 1302 communitas
315 1254 399 1300 cum
414 1230 604 1303 hominum
620 1253 768 1329 genere,
784 1231 929 1316 caritas,
945 1232 1116 1321 amicitia,

65 1332 210 1426 justitia,
228 1340 378 1438 reliquae
394 1342 562 1430 virtutes3
580 1365 736 1440 quarum
757 1364 834 1414 esse
859 1337 957 1412 nulla
977 1355 1115 1438 potest,

68 1445 129 1514 nisi
150 1451 217 1520 erit
243 1447 433 1544 gratuita³.
460 1454 553 1524 Nam
579 1477 660 1550 quae
682 1450 884 1550 voluptate,
901 1453 1001 1548 quasi
1019 1477 1114 1524 mer·

68 1555 143 1626 cede
154 1557 310 1655 aliqual,
321 1558 367 1632 ad
381 1558 542 1634 officium
555 1561 762 1660 impellitur,
779 1585 820 1632 ea
833 1584 908 1630 non
923 1574 977 1630 est
990 1562 1116 1647 virtus,

68 1663 119 1734 sed
136 1663 240 1738 fallax
262 1671 416 1742 imitatio
434 1671 686 1768 simulatioque
710 1670 861 1742 virtutis.
881 1668 969 1740 Audi
989 1684 1114 1742 contra

68 1769 152 1862 illos,
174 1780 238 1873 qui
263 1802 397 1850 nomen
420 1780 615 1852 honestatis
635 1805 656 1852 a
674 1804 711 1850 se
732 1803 778 1850 ne
796 1777 946 1875 intelligi
965 1776 1113 1875 quidem

67 1922 242 1986 mendesium,
252 1925 332 1975 Wrat.
341 1926 443 1991 prabet.
453 1927 501 1976 Sed
508 1928 558 1989 jam
605 1926 730 1976 obliterata
743 1926 783 1973 sit.
795 1923 935 1986 Obiectioni
953 1939 1051 1988 qnoque
1070 1927 1112 1974 ln·

67 1995 558 2070 dlegg.1,r,e,uhiequehecvox
603 2017 684 2054 turum
710 2017 805 2070 tempus
828 2005 938 2053 inservit.
972 2005 1110 2054 Praecedens

67 2078 274 2147 wnieiturffltun
288 2082 319 2130 de
331 2084 384 2145 ejus
393 2086 494 2150 propria
514 2101 557 2133 no·
602 2085 659 2132 item
677 2083 712 2132 sic
729 2082 853 2150 particular
864 2093 988 2147 tamquam
1007 2083 1110 2149 supini·

66 2154 122 2203 tione
133 2157 242 2210 diximus.
255 2161 443 2211 Severiemenim
451 2175 557 2213 estsoera
602 2180 641 2212 me
650 2164 723 2213 solet.

67 2234 145 2284 'emtas
156 2239 181 2288 in
196 2240 282 2300 dictio,
302 2251 326 2288 et
339 2242 419 2290 rebus.
432 2241 479 2291 Sed
496 2243 557 2290 mira
637 2243 725 2292 XLVI.
742 2259 764 2292 r.
787 2244 864 2288 Unum
875 2239 952 2306 igitur
962 2256 1027 2304 par,
1042 2242 1112 2304 qnod

65 2310 126 2363 lectio
138 2318 230 2368 Godn
250 2320 371 2368 voluntas
390 2321 556 2386 pretereunda
603 2319 728 2386 depugnet.
744 2323 867 2384 Sumptra
883 2318 1057 2385 gladiatoribus
1075 2321 1109 2367 si·

66 2404 157 2444 Meet.
169 2399 248 2460 Quam
270 2410 351 2448 tamen
363 2399 467 2463 glossam
481 2399 556 2464 magis
601 2399 738 2448 militudine
759 2399 807 2448 hoc
831 2397 884 2446 vult
904 2409 991 2446 auctor
1007 2413 1015 2448 ι
1031 2399 1109 2447 «Duo

65 2467 255 2536 adsentientem,
269 2494 340 2542 quem
351 2477 555 2543 veritatemapta-
600 2489 691 2528 merant
717 2478 801 2528 finium
820 2494 918 2542 genera,
940 2495 995 2542 qnae
1018 2479 1108 2540 dijudi-

64 2559 85 2592 η
101 2547 171 2601 liceat.
191 2551 280 2618 Quid?
295 2558 315 2604 si
334 2557 435 2622 legeris,
454 2573 555 2606 «nonne
601 2560 677 2607 canda
694 2569 782 2608 sunt».
797 2559 830 2608 G.

64 2621 106 2686 ipa
117 2633 214 2693 enum
228 2647 255 2684 et
274 2647 339 2685 recta
358 2639 420 2686 ratio
433 2637 492 2684 mihi
509 2637 554 2685 ad·
636 2637 928 2700 u.Aleerumsisequare,
943 2635 1019 2683 multa
1026 2646 1107 2682 ruunt.

65 2706 194 2760 tenetur?.
213 2716 254 2764 stc
274 2715 386 2782 graviter
405 2716 435 2765 de
454 2731 555 2766 «severa
600 2716 652 2766 llrl.
665 2732 784 2780 sequere,
798 2714 867 2779 qnod
880 2713 978 2778 quidem
996 2713 1029 2762 cb
1048 2713 1106 2772 erit,

64 2787 168 2838 sentiendi
179 2794 349 2858 cogitandique
358 2797 472 2844 ratione·
484 2795 554 2860 (nam
600 2794 669 2858 quod
681 2795 802 2864 seqnitur,
818 2809 869 2841 non
889 2803 925 2841 eur
937 2791 1106 2852 abjiciendum.

64 2856 89 2908 lt
104 2861 147 2914 ΕΜ
169 2868 291 2921 bonerum
312 2871 423 2937 egilon)
446 2874 554 2933 dicetur,
600 2875 662 2922 Nam
674 2872 870 2936 indicativi,qni
882 2871 993 2938 proxime
1003 2886 1107 2934 sequnn-

63 2951 130 3000 lm
141 2960 205 2997 reeta
222 2951 332 3010 maone,
347 2950 406 3020 ὀρθῷ
419 2951 482 3022 λόγῳ
494 2969 555 3018 pen·
601 2952 686 3011 tur,in
697 2951 805 3000 oratione
816 2951 985 3000 asseveratione
994 2949 1106 2998 Ciceroni

63 3015 105 3069 dti-
115 3025 192 3090 Atque
209 3040 262 3080 tum
276 3048 308 3081 ex
320 3033 467 3098 compendio
485 3032 556 3082 facile
599 3042 657 3080 eunt
670 3047 699 3079 ex
712 3046 789 3080 more.
802 3030 849 3078 Sed
864 3029 959 3094 vulgara
972 3025 1029 3076 ferri
1041 3040 1106 3077 recte

63 3095 161 3154 'Min
180 3109 328 3171 adjectivum
348 3113 436 3160 mutari
453 3112 552 3177 potnit:
598 3110 763 3174 potestque
781 3108 1055 3173 deinccpiloqunntnr,
1075 3109 1107 3156 ad

63 3181 160 3232 ΜΨ
172 3199 254 3240 antem
274 3191 552 3242 mvoluemssnhstan-
598 3190 730 3254 Epicurum
753 3187 890 3252 pertinent,
912 3198 937 3235 et
958 3187 1106 3236 enucleatim

63 3253 100 3302 llll
110 3260 244 3323 sslwemau
257 3272 345 3320 forent.
364 3269 475 3319 omnm
486 3280 552 3317 certe
598 3271 747 3320 disseruntm
759 3269 831 3332 legg.
847 3269 873 3326 1,
889 3267 918 3315 re
932 3278 957 3316 et
973 3282 1011 3330 ¹9·
1032 3268 1065 3315 G.

62 3345 94 3384 ¹¹¹⁶
105 3337 188 3406 duplex
200 3349 287 3400 vocula
300 3351 325 3398 iu
338 3361 381 3398 cet
393 3349 473 3414 gravis
484 3359 508 3396 et
517 3363 551 3396 re·
632 3351 657 3399 3.
675 3347 733 3397 Nisi
744 3348 790 3396 erit
798 3345 916 3414 grnmita.
930 3349 980 3396 Has
991 3346 1106 3395 observa-

63 3419 94 3460 Ψ
103 3429 163 3469 nt·
178 3440 266 3490 wrm,
275 3429 323 3477 nisi
336 3439 462 3492 utrinqne
470 3427 550 3492 expli·
596 3431 675 3478 ncne·
682 3429 788 3493 opponit
797 3426 851 3477 Cic.
862 3426 1105 3490 Epicnrc‚etetnenti

62 3493 150 3546 “lim
161 3507 442 3567 aucmentacione
454 3523 500 3554 nan
509 3507 551 3556 vix
596 3507 685 3580 ἀρετὰς
696 3503 742 3560 ded
756 3507 800 3564 τὴν
812 3499 902 3561 ἡδονὴν
913 3505 1038 3575 αἱρεῖσθαι.
1046 3506 1105 3556 Vid.

62 3565 183 3630 dffiffl·
596 3590 703 3653 interpp.
715 3586 747 3635 ad
756 3586 858 3650 Diogen.
873 3587 950 3635 Laert.
963 3587 997 3644 X,
1012 3602 1034 3636 e.
1048 3586 1105 3645 138,

92 3653 127 3701 ¹⁵·
139 3659 337 3714 Hecataeum...
351 3664 551 3730 copulatione·
596 3669 654 3716 coll.
668 3668 721 3718 Cic.
735 3667 808 3714 Tnec.
831 3668 881 3729 Qu.
892 3667 926 3729 V,
941 3665 990 3726 26,
1009 3673 1050 3722 ιι.
1070 3668 1103 3713 Η.

62 3733 550 3814 ξθΰῑὼῑ;ιείοὴοιι...ωρα1ὼίυ.8ἰσ,
632 3753 657 3802 4.
682 3743 760 3808 Quasi
781 3746 891 3794 mercede
916 3745 1010 3809 aliqua.
1036 3743 1102 3794 Gnd.

62 3809 136 3892 ll‘l‘lir
144 3815 339 3886 therminum
348 3823 407 3872 Gnt.
416 3823 460 3872 Dr.
469 3824 550 3872 Wrat.
586 3811 690 3889 'ignom
698 3823 801 3888 aliqum
813 3825 880 3889 qnod
889 3835 954 3874 recte
967 3825 1050 3872 abesse
1059 3839 1105 3887 pc-

62 3893 159 3944 ⁸¹t¹¹flde
168 3898 210 3948 vix
220 3901 320 3951 dubium
333 3919 384 3952 eece
396 3901 483 3959 debet,
492 3903 552 3966 quin
597 3913 644 3951 teet
653 3917 660 3951 :
670 3917 724 3950 nam
736 3903 819 3968 quasi,
841 3913 869 3950 nt
888 3919 967 3968 saepe,
981 3913 1104 3965 tamquam

64 3972 195 4024 milti&
214 3982 350 4046 amplum
367 3981 439 4046 graeci
460 3980 551 4037 circe,
598 3992 682 4041 notar,
693 3981 811 4030 sententia
824 3983 896 4032 etiam
908 3981 1051 4048 pronomine
1067 3981 1104 4028 ni-

63 4038 185 4102 ⁰bll⁰lwtie
204 4069 227 4106 et
249 4059 417 4126 exprobrantis
436 4059 552 4124 propria,
596 4062 642 4109 mis
656 4071 800 4111 coarctatur.
814 4064 845 4112 G.
