2762 4656
306 279 773 378 Acunumc‚r,'c1nun
798 295 850 380 11,
877 292 933 364 25.
1083 291 1153 381 345

71 411 184 510 quod
204 437 226 483 a
249 411 433 484 Carneade
454 410 587 484 dicitur
609 412 817 511 probatum.
838 413 1018 512 Equidem
1041 415 1153 488 Clito·

72 523 214 595 macho
226 534 260 568 ²²
281 523 384 622 plus,
409 547 519 620 quam
546 523 708 615 Philoni,
732 539 794 598 aut
815 523 1051 616 Metrodoro,
1076 552 1156 600 cre-

71 634 191 724 dens,
207 633 280 707 hoc
293 634 405 731 magis
426 633 472 706 ab
495 659 539 706 eo
562 633 807 733 disputatum,
828 660 939 735 quam
959 635 1155 735 probatum

72 757 186 842 pulc.

123 858 244 927 XXV.
263 853 332 926 Sed
346 851 383 924 id
397 856 616 926 omittamus.
634 855 729 928 Illud
742 870 859 944 certe,
873 855 1103 953 opinatione,
1119 872 1156 930 et
1251 849 1258 860 ’

73 965 323 1062 perceptione
343 961 504 1050 sublata,
526 970 701 1062 sequitur,
724 967 888 1038 omnium
908 967 1155 1038 ascensionum

73 1077 266 1145 retentio¹
287 1101 295 1143 :
318 1089 379 1163 ut,
405 1077 436 1145 si
457 1074 670 1166 ostendero,
696 1075 787 1148 nihil
807 1100 914 1176 posse
934 1077 1091 1176 percipi,
1112 1091 1154 1148 tu

73 1181 263 1254 concedas
277 1209 476 1282 numquam
498 1211 727 1259 assensurum
743 1197 853 1259 esse².
936 1239 939 1245 -

64 1333 66 1338 .
124 1291 231 1385 Quid
258 1317 345 1392 ergo
369 1309 439 1384 est,
468 1293 569 1393 quod
591 1297 731 1397 percipi
751 1297 883 1395 possit,
907 1299 935 1368 si
958 1320 1007 1369 ne
1026 1319 1153 1370 sensus
1169 1330 1204 1385 79

72 1498 143 1545 euim
157 1511 237 1560 quum
249 1497 298 1545 hoc
311 1513 323 1546 ι
338 1499 435 1547 Zenom
449 1499 595 1564 accepisset,
639 1499 770 1548 sedetiam
788 1515 844 1548 cum
861 1499 956 1564 ellipsi,
970 1508 998 1547 ut
1013 1499 1062 1548 hoc
1077 1499 1150 1559 loco,

71 1575 221 1640 opinionem
233 1577 260 1624 ln
273 1576 405 1641 sapientem
418 1578 479 1626 nihil
493 1578 596 1640 sedere,
638 1579 682 1627 uhi
699 1580 734 1627 sic
754 1579 880 1644 supplebis
904 1601 916 1620 ι
930 1579 1054 1642 sequitur,
1071 1589 1099 1626 ut
1120 1579 1152 1628 sit

71 1655 99 1702 id
112 1654 192 1702 etism
208 1653 327 1717 addebat,
341 1657 426 1705 cadere
444 1659 470 1704 in
486 1657 552 1706 hunc
565 1674 597 1706 ue
638 1674 707 1707 omn.
725 1673 772 1706 ιιι.
790 1657 949 1707 retinenda».
969 1658 1008 1707 Cl.
1027 1657 1089 1705 infra
1108 1652 1151 1716 31,

71 1734 244 1782 mensionem
255 1734 360 1798 quidem.
373 1735 438 1784 Vide
447 1751 519 1801 supra
528 1736 545 1802 s
554 1738 597 1799 67,
638 1753 682 1800 99.
692 1737 787 1786 Deinde
794 1737 860 1786 idem
869 1737 975 1785 offendit
986 1737 1012 1783 in
1022 1747 1151 1796 structure,

22 1832 28 1846 ·
72 1815 118 1863 68.
134 1815 306 1863 lianccontrs
315 1815 450 1865 necessario
461 1817 527 1864 Zeno
540 1816 597 1864 reti·
638 1815 772 1864 ulllutl...
785 1816 905 1878 sequitur.
916 1849 940 1864 ..
955 1816 1060 1862 retentio
1076 1833 1098 1864 ι.
1117 1816 1152 1863 At

72 1892 185 1940 neudum
199 1909 252 1941 esse
265 1893 461 1956 ridebat,quum
473 1894 532 1942 alius
544 1908 596 1942 uon
638 1897 734 1959 quoties
750 1903 835 1944 neutrs
859 1896 1032 1961 pronominum
1050 1895 1085 1942 sio
1102 1909 1151 1960 pc-

73 1971 204 2035 pleuusad
216 1973 399 2035 perceptionem
406 1971 486 2020 editus
496 1983 596 2037 pateret,
638 1987 738 2036 nuutur,
751 1986 779 2023 ut
792 1975 824 2022 sd
841 1977 941 2040 plenum
953 1975 993 2024 vel
1005 1975 1151 2024 anteceden-

71 2051 131 2098 Jam
144 2050 247 2099 dicitlr.
262 2051 513 2114 l.suctor,Arcesiler
522 2052 596 2100 ratic·
637 2055 716 2116 tium,
738 2055 778 2103 vel
799 2055 997 2120 subsequentium
1019 2055 1150 2104 verborum

72 2143 130 2176 nem
154 2145 210 2176 nou
231 2130 388 2178 necessariam
409 2131 497 2189 fuisse,
523 2131 596 2178 licere
637 2146 779 2184 contextum
797 2135 950 2183 referantur?
967 2137 1095 2183 Ponuntur
1109 2149 1152 2182 ou-

71 2209 141 2256 enim
151 2223 211 2256 cum
221 2208 345 2257 Carneade
354 2220 470 2272 statuere,
480 2229 491 2254 s
500 2210 595 2275 opinari
638 2223 686 2262 tem
696 2213 769 2263 verbs
785 2235 796 2257 ι
806 2217 915 2263 curulum
933 2213 1096 2263 ascensionum
1110 2229 1150 2261 re·

72 2302 265 2351 nonnumquam
277 2287 409 2351 sspieutem
420 2311 442 2336 ι.
454 2291 488 2339 G.
637 2295 715 2342 tentio
729 2315 754 2354 s,
772 2295 807 2342 sic
824 2294 898 2343 relate
915 2293 948 2341 ad
965 2292 1013 2341 hoc
1031 2308 1104 2357 prou.
1121 2301 1150 2340 ut

107 2382 157 2416 ua.
176 2365 301 2430 Equidem
315 2367 474 2419 Clitomacho.
485 2405 491 2417 .
502 2404 527 2418 ..
541 2387 594 2420 ere·
614 2433 620 2442 ι
636 2375 760 2439 appositio
771 2373 811 2424 sit.
825 2375 878 2423 Nec
891 2373 961 2422 iacile
972 2375 1099 2438 quisquam
1112 2371 1150 2420 cf·

70 2447 179 2497 dens...
193 2458 262 2508 puto.
275 2449 379 2496 Gmreua
388 2448 442 2499 det:
456 2449 593 2514 etquidem
636 2453 759 2514 tenderet,
772 2453 793 2500 si
805 2453 843 2500 his
854 2463 940 2500 auctor
952 2467 1039 2516 nempe
1052 2465 1149 2515 prepo-

70 2527 139 2574 nim
159 2525 245 2574 Clit-
262 2527 454 2594 sententismque
471 2529 535 2578 banc
550 2546 594 2594 pa-
635 2533 765 2596 posuisset.
787 2535 844 2582 Jaru
866 2533 941 2580 totius
962 2531 1012 2580 loci
1033 2539 1148 2578 contexta

71 2605 185 2654 reushesi
207 2605 319 2655 includit.
339 2607 428 2671 Enim,
447 2608 542 2672 iuquit,
563 2609 593 2658 de
634 2611 766 2662 rideamus.
775 2611 874 2674 Colligit
882 2621 968 2658 auctor
976 2625 1007 2658 ex
1016 2607 1149 2672 superiori·

70 2684 592 2751 nostrosddidimus3quapsrticula,loco
633 2689 849 2754 bus,retinendum
857 2703 1147 2747 esseasseusumomnem,

69 2765 225 2822 necesaria,
239 2763 273 2811 ob
285 2765 462 2830 precedentem
474 2765 593 2830 syllabam
634 2769 656 2816 si
676 2771 703 2817 iu
724 2770 856 2835 sapientem
878 2785 956 2833 nsque
975 2767 1080 2832 opinio,
1100 2781 1147 2814 nec

69 2844 185 2903 excidit,
202 2859 267 2908 supe
279 2857 337 2909 post
350 2859 387 2893 em
401 2861 432 2894 ex
445 2845 592 2910 compendio
633 2851 774 2914 perceptio,
793 2848 872 2897 cadat.
892 2847 941 2896 Sed
958 2861 1034 2911 quum
1046 2845 1077 2894 de
1090 2861 1146 2909 per-

70 2925 164 2990 elapea.
183 2923 284 2972 Nullum
301 2934 381 2973 autern
394 2925 537 2990 perticulam
550 2941 592 2990 ps-
634 2929 746 2991 ceptione
757 2927 809 2990 ipsa
822 2925 930 2974 noudum
939 2926 1036 2988 egisset,
1053 2925 1085 2972 ite
1099 2923 1146 2972 ailti

69 3005 183 3052 rentheei
199 3004 275 3066 magis
288 3005 419 3067 inservire,
433 3005 593 3053 certissimum
634 3006 661 3053 iu
678 3005 781 3070 spodosi
798 3006 925 3054 transitum
945 3004 975 3052 ud
993 3003 1055 3051 hanc
1069 3003 1146 3068 ipsum

69 3095 116 3133 est.
142 3083 187 3131 Ad
209 3082 273 3131 hanc
294 3095 375 3134 autem
396 3084 543 3133 Clitomachi
562 3084 592 3132 de
634 3101 684 3133 rem
697 3095 775 3149 parat.
795 3087 827 3132 Ut
841 3095 934 3143 summ,
950 3099 996 3148 pro
1009 3083 1045 3130 ita
1060 3094 1089 3132 ut
1102 3099 1146 3148 po·

69 3162 202 3212 Carneade
217 3163 360 3211 sententium
378 3151 438 3212 'ride
455 3163 519 3212 inira
537 3179 591 3229 esp.
633 3163 709 3211 uitur.
724 3164 757 3212 G.

72 3245 119 3292 δι.
504 3281 506 3286 .
670 3258 693 3290 a.
709 3243 745 3289 Tu
762 3240 897 3300 concedas,
909 3255 1043 3304 numquam
1062 3256 1147 3289 assen-

103 3322 358 3373 xxv.1.1ttud...
375 3321 491 3387 sequitur,
506 3337 532 3371 o.
549 3337 591 3369 us·
633 3335 714 3371 sunem
731 3336 789 3371 esse.
811 3322 849 3369 Sc.
869 3320 1027 3385 sapientem:
1045 3335 1100 3370 uem
1115 3320 1146 3369 ds

68 3401 213 3451 sensianum
224 3402 333 3451 retentio.
343 3399 451 3450 Hillseru.
461 3400 527 3450 delet
535 3416 591 3449 ver·
634 3400 773 3450 assensione
782 3399 910 3464 sapientis,
923 3415 995 3464 quem
1005 3400 1145 3450 Academici

69 3482 99 3531 lta
113 3503 129 3524 ι
141 3481 257 3529 omnium
269 3481 434 3530 ssseusiouum
449 3481 553 3530 retentio
564 3499 590 3541 a,
633 3478 762 3540 vetabunt,
780 3479 872 3542 Stoici,
890 3490 916 3529 et
933 3495 989 3528 cum
1006 3481 1044 3528 his
1056 3481 1145 3529 Antio·

68 3577 121 3626 quc
135 3561 251 3608 nativum
260 3559 310 3608 loci
320 3575 411 3608 nexurn
422 3559 557 3624 corrumpit
567 3571 592 3608 et
634 3559 1060 3624 chus,ststuebant,insuperioribus
1066 3575 1145 3608 sermo

65 3641 189 3703 jugulet,
215 3639 314 3702 ignaros
338 3639 441 3704 duplicis
465 3638 589 3688 Ciceronis
632 3640 688 3688 fuit.
703 3641 740 3689 cf.
754 3655 809 3704 esp.
824 3655 866 3696 ar,
876 3641 920 3701 67,
934 3641 978 3688 68.
993 3640 1060 3689 Male
1070 3640 1145 3704 igitur

67 3719 199 3770 scribendi
213 3720 303 3778 moris,
318 3719 455 3783 frequenter
467 3720 587 3785 usurpati.
631 3719 714 3767 Daris.
724 3720 766 3782 qui
775 3730 799 3766 te
807 3707 904 3780 susdet,
914 3719 1035 3782 probante
1041 3717 1144 3768 Wetael.

67 3801 182 3848 Primum
201 3798 266 3846 enim
287 3797 330 3846 ille
345 3813 416 3844 usum
432 3798 501 3846 verbi
520 3799 592 3864 sequi
633 3799 710 3862 Suprs
728 3797 745 3846 l.
763 3797 781 3845 l.
799 3799 887 3863 sapius
902 3799 936 3846 sio
950 3797 999 3848 ἀπὸ
1013 3801 1055 3847 τοῦ
1066 3801 1143 3847 κοινοῦ

67 3893 122 3927 nou
134 3879 216 3942 cepit,
224 3875 294 3941 quod
303 3876 329 3925 id
339 3877 439 3925 verbum
449 3893 501 3927 uon
509 3879 588 3927 solum
632 3878 727 3944 sapiens
739 3878 882 3943 cogitandus
896 3890 956 3928 erut.
971 3882 1002 3927 Et
1015 3891 1144 3942 precesse-

68 3957 271 4023 impersouslitsr
284 3955 466 4020 quodammodo
480 3959 589 4018 struitur,
632 3969 670 4008 rst
678 3959 704 4009 h.
715 3959 734 4010 l.
746 3959 830 4024 psullc
841 3971 912 4019 aute,
924 3982 935 4003 ι
948 3957 1010 4008 nulli
1021 3957 1056 4006 rei
1064 3971 1144 4004 meu·

67 4045 192 4102 sequente
206 4036 245 4085 tel
259 4045 297 4095 ut,
313 4036 353 4087 tel
365 4051 416 4086 sec.
430 4053 486 4088 cum
499 4037 589 4089 inlinit.
633 4055 716 4088 surum
727 4055 779 4089 esse
788 4040 921 4105 sspieutsm
932 4059 952 4086 ι.
964 4037 995 4086 G.
