2764 4688
240 307 309 379 208
577 303 967 375 ARGUMENTUM.

277 427 384 509 partim
394 424 520 504 denique
535 443 712 484 summorum
723 427 755 484 in
768 423 884 484 civitate
892 425 1023 484 virorum
1030 423 1162 504 personis
1170 445 1236 484 non
1247 426 1325 484 satis

277 523 396 604 dignum
408 520 555 599 judicent,
569 522 594 595 si
609 521 641 581 hi
655 521 797 600 ejusmodi
807 521 844 580 de
858 521 1063 602 philosophia,
1077 523 1107 581 in
1119 521 1225 602 primis
1240 527 1325 582 Aca-

277 623 404 693 demica,
421 619 603 680 sermonibus
614 620 928 700 implicentur:quibus
942 621 1062 700 singulis
1078 619 1245 700 respondet
1258 629 1277 694 S
1288 621 1323 691 5,

225 767 227 772 .
277 723 313 795 6,
324 743 351 794 7.
367 717 504 777 Defendit
518 737 549 776 se
561 731 711 796 postremo
722 732 824 777 contra
835 737 901 792 eos,
915 717 1022 796 quibus
1035 717 1201 777 Academiae
1213 739 1324 778 recen-

276 817 357 878 tioris
370 816 446 874 ratio
461 834 522 873 non
538 815 692 895 placebat,
709 821 726 888 s
741 837 774 889 7,
788 817 824 888 8,
841 837 869 892 9.

314 919 360 974 De
370 912 425 971 hac
441 932 489 978 re,
503 923 536 970 ut
554 910 637 982 alibi,
655 913 697 970 ita
709 912 740 971 in
753 911 828 971 villae
843 913 1046 972 Hortensianae
1058 925 1159 990 xysto,
1185 932 1324 990 praen-

275 1009 353 1070 tibus
364 1009 468 1068 Catulo
482 1020 511 1066 et
526 1008 660 1082 Lucullo,
674 1028 735 1067 esse
748 1009 911 1087 quaesitum.
926 1009 1062 1068 Catulum
1071 1009 1164 1076 enim,
1178 1009 1238 1068 etsi
1249 1009 1323 1088 qui-

275 1107 341 1168 dem
352 1107 488 1166 hesterna
502 1103 557 1164 sibi
569 1106 729 1184 quaestione
743 1105 920 1166 satisfactum
936 1107 1093 1179 sateremr,
1114 1118 1212 1165 tamen
1227 1105 1323 1186 cupi-

274 1207 344 1266 dum
355 1226 387 1264 se
398 1223 499 1263 eorum
513 1203 688 1284 ostendisse,
714 1223 779 1281 quae
800 1204 940 1264 Lucullus
957 1205 1096 1266 Antiochi
1112 1217 1216 1263 contra
1239 1203 1323 1261 hanc

274 1302 462 1365 Academiam
475 1300 623 1379 disputata
638 1301 824 1380 promisisset.
843 1303 1032 1362 Hortensium
1050 1303 1136 1362 etiam
1151 1299 1190 1360 ab
1206 1301 1323 1360 eodem

274 1401 479 1481 exquisitiora,
494 1419 581 1477 quam
596 1420 660 1477 quae
676 1401 737 1480 ipse
754 1399 818 1460 heri
831 1403 1046 1481 proposuisset,
1060 1414 1257 1481 exspectasse.
1273 1403 1321 1458 Ita

275 1498 394 1579 quidem
408 1496 588 1556 confidenter
594 1517 743 1577 aggressus
752 1512 796 1556 est
806 1497 1032 1578 disputationem
1046 1498 1201 1568 Lucullus,
1213 1511 1252 1556 ut
1267 1499 1321 1576 qui

277 1597 395 1657 alterius
410 1595 598 1665 sententiam,
620 1614 743 1673 eamque
761 1596 880 1675 saepius,
901 1615 956 1654 nec
972 1597 1034 1655 sine
1048 1596 1146 1655 studio
1161 1593 1321 1662 auditam,

275 1693 480 1774 propositurus
496 1704 587 1761 esset,
607 1695 676 1768 59,
696 1711 741 1750 ιο.

315 1791 435 1868 Origine
454 1789 542 1868 igitur
566 1786 752 1847 dissensionis
779 1786 855 1846 inter
872 1788 1052 1849 Antiochum
1071 1803 1100 1848 et
1127 1787 1318 1858 Philonem,

274 1887 395 1966 ejusque
406 1905 493 1945 causa
506 1897 654 1954 enarrata,
669 1904 744 1962 qua,
762 1885 877 1960 S⁰⁸¹¹m2
891 1883 1013 1958 librum,
1023 1883 1185 1944 Antiochus
1198 1897 1232 1943 ut
1247 1884 1321 1944 scri·

274 1987 371 2058 beret,
385 1997 549 2043 commotus
563 1995 657 2056 esset3
672 1983 811 2061 variaque
825 1984 997 2054 occasione,
1009 2005 1068 2063 qua
1082 1985 1178 2064 ipsum
1192 1983 1246 2042 ille
1259 1988 1319 2042 An·

274 2083 404 2143 tiochum
418 2081 560 2154 audierit,
581 2079 708 2138 indicata
725 2102 732 2137 :
748 2078 785 2138 de
799 2101 831 2139 re
844 2081 907 2160 ipsa
920 2083 962 2140 ita
979 2102 1009 2141 sc
1027 2080 1172 2140 dicturum
1187 2081 1319 2160 recipit,

276 2192 311 2238 ut
325 2198 359 2237 ea
368 2178 587 2257 praetermitmt,
601 2195 667 2254 quae
681 2175 729 2234 hic
740 2189 842 2236 contra
852 2177 1005 2238 Philonem
1020 2180 1116 2256 ipsum
1125 2177 1319 2246 disseruerit,

276 2277 385 2355 quippe
399 2293 464 2351 quae
479 2285 510 2331 et
522 2272 657 2331 hesterno
669 2271 730 2350 jam
743 2271 791 2332 die
803 2276 1037 2334 commemorarit
1052 2276 1187 2348 Catulus,
1206 2287 1239 2333 et
1253 2275 1319 2355 ipsa

277 2393 331 2454 per
345 2393 390 2444 se,
410 2369 476 2429 licet
490 2381 659 2446 argumenta
670 2389 723 2427 sua
734 2372 909 2448 fingentem,
925 2391 1028 2450 parum
1041 2387 1134 2432 tamen
1146 2391 1248 2431 acrem
1269 2371 1320 2431 ad-

276 2469 437 2530 versarium
452 2466 595 2546 prodant,
611 2470 628 2538 ς
643 2485 694 2536 11,
712 2485 758 2524 ra.

315 2573 484 2645 Sequuntur
494 2563 555 2641 jam
566 2563 636 2642 ipsae
646 2563 801 2634 Antiochi,
817 2563 925 2642 quibus
934 2565 1092 2625 Academia
1103 2567 1255 2625 recentior
1268 2567 1321 2625 im-

277 2677 434 2746 pugnatur,
448 2661 589 2734 rationes,
605 2679 698 2738 usque
711 2658 748 2718 ad
760 2680 824 2740 cap.
840 2683 893 2740 19,
906 2663 1039 2723 refutatae
1051 2663 1172 2738 deinde,
1188 2684 1226 2722 ex
1243 2663 1319 2722 Phi-

277 2762 352 2821 lonis
367 2758 525 2830 sententia,
536 2776 589 2835 per
604 2756 788 2828 Ciceronem,
804 2777 867 2836 cap.
885 2761 981 2830 aoqss.

314 2863 401 2919 Novo
414 2855 553 2915 Lucullus
573 2866 660 2932 capto
676 2852 818 2926 exordio,
837 2856 1014 2916 recentiores
1026 2843 1232 2930 Academicos,
1258 2876 1319 2915 no·

275 2953 464 3030 minatimque
484 2950 673 3022 Ciceronem,
695 2951 726 3008 in
742 2947 894 3010 abutendis
915 2966 1047 3012 veterum
1065 2953 1317 3034 philosophorum

274 3051 441 3114 nominibus
455 3047 597 3108 seditiosis
613 3047 736 3107 tribunis
747 3046 841 3126 plebis
856 3063 1016 3129 comparat.
1034 3055 1076 3111 Ut
1093 3051 1170 3110 enim
1184 3049 1217 3109 hi
1230 3071 1317 3110 sum-

276 3171 392 3212 morum
415 3146 547 3226 exempla
570 3144 749 3224 antiquitatis
771 3145 903 3206 virorum
927 3149 957 3206 in
979 3168 1060 3207 suam
1081 3168 1143 3207 rem
1168 3148 1242 3208 citra
1267 3149 1318 3229 jus

280 3248 412 3318 trahant;
428 3245 469 3303 ita
478 3246 550 3303 istos
564 3243 683 3302 illorum
696 3243 868 3303 auctoritate
879 3265 909 3303 se
924 3258 1021 3326 tegere
1041 3269 1048 3303 :
1069 3247 1120 3325 qui
1140 3247 1264 3325 quidem
1280 3248 1317 3306 de

277 3343 430 3405 fallacitate
443 3361 578 3401 sensuum
596 3354 832 3419 conquerantur3
847 3341 899 3402 sed
912 3343 1140 3422 philosophandi
1151 3344 1318 3404 subtilitate

276 3461 382 3524 parum
403 3450 464 3498 tum
484 3438 631 3517 expedita.
651 3439 844 3498 Eximendum
865 3453 961 3501 autem
981 3462 1018 3501 ex
1033 3442 1151 3502 illorum
1171 3465 1316 3527 numero,

276 3552 399 3620 propter
414 3537 492 3595 illam
506 3537 567 3614 ejus
580 3535 722 3607 ironiam,
741 3541 888 3597 Socratem
906 3553 934 3598 et
950 3529 1115 3611 Platonem,
1138 3561 1155 3600 a
1177 3563 1238 3621 qno
1260 3567 1317 3624 per

277 3633 464 3698 Academicos
480 3647 510 3693 et
521 3633 752 3713 Peripateticos,
769 3655 800 3692 re
820 3637 1046 3710 consentientes,
1065 3635 1232 3698 absolutum
1244 3643 1314 3722 phi-

276 3730 416 3812 losophiae
432 3739 549 3811 σύστημα
561 3730 725 3809 profectum
739 3731 794 3805 sit,
808 3739 823 3806 ς
838 3733 890 3806 13,
909 3743 961 3809 rt„
979 3734 1025 3796 15.
1045 3739 1142 3813 Atque
1157 3737 1184 3795 si
1196 3740 1245 3799 vel
1259 3761 1315 3800 ve-

279 3847 352 3892 teres
364 3825 531 3906 philosophi
541 3827 666 3886 ratiores
679 3828 759 3903 illas,
776 3828 882 3907 quibus
892 3832 998 3892 veritas
1005 3852 1141 3894 sensuum
1153 3834 1314 3914 probatur,

277 3925 454 4007 ignorarint,
476 3922 567 3982 multa
581 3935 678 3984 umen
696 3925 866 4004 investigata
877 3949 957 3998 esse,
971 3951 1007 3990 ex
1023 3950 1083 4010 quo
1096 3933 1242 3993 Arcesilas
1255 3940 1312 3994 Ze-

279 4025 348 4084 noni
371 4019 552 4080 adversarius
577 4020 736 4096 exstiterim
759 4024 892 4102 Lacyde,
917 4025 1080 4101 Carneade,
1107 4028 1311 4108 Clitomacho,
