2716 4686
287 427 538 499 ACADEMIC.
562 431 611 516 ΙΙ,
635 429 769 498 LIBER
793 431 826 513 1,
843 429 877 511 4.
1045 426 1112 521 139

64 562 220 644 quarunt.
245 552 299 619 Ita
322 547 414 619 facta
435 565 489 620 ost
517 548 735 649 [disserendi
744 548 817 648 4⁰]‚
843 546 944 647 quod
963 551 1112 620 minime
1194 624 1196 628 ,

63 663 211 730 Socrates
240 658 476 758 probabat⁴¹,
504 685 561 733 ars
592 661 755 760 quaedam
787 658 1048 758 philosophiae,
1075 675 1111 730 ct

61 791 167 838 rerum
192 767 302 857 ordo,
332 783 369 839 et
396 766 589 868 descriptio
615 771 821 870 disciplinae.
848 773 937 860 Quae
962 769 1108 868 quidem
1132 755 1163 830 {8

61 891 127 948 erat
148 879 266 975 primo
291 878 452 966 duobus,
476 897 518 952 ut
543 880 636 971 dixi,
662 880 872 953 nominibus
897 905 968 951 nna
991 881 1109 952 :nihil

33 995 36 1000 ’
61 989 145 1056 enim
155 990 251 1060 inter
265 991 538 1088 peripateticos,
553 1007 590 1064 et
605 993 701 1064 illam
719 1008 878 1064 veterem
893 989 1109 1064 academiam

61 1095 247 1171 differebat.
270 1099 503 1173 Abundantia
520 1103 832 1201 quodamingcnii
846 1100 1051 1200 praestabat,
1068 1115 1110 1172 ut

61 1207 137 1278 mihi
154 1207 297 1282 videtur
316 1211 463 1309 quidem
482 1215 528 1302 ⁴²,
547 1209 814 1302 Aristotelest³;
837 1210 1012 1286 sedidem
1029 1208 1111 1281 fons

62 1333 125 1389 erat
154 1320 339 1417 utrisque,
368 1317 404 1394 et¹
432 1321 558 1396 eadem
589 1349 712 1395 rerum
740 1321 1022 1422 expetendarum
1052 1318 1109 1390 fu·

62 1428 333 1529 gicndarumque
359 1435 516 1531 partitio.
549 1432 619 1505 Sed
647 1433 737 1530 quid
764 1433 858 1530 ago?
883 1434 1021 1529 inquit;
1047 1443 1110 1500 aut

62 1563 174 1612 sumne
193 1565 322 1632 sanus,
341 1547 405 1642 qui
423 1543 499 1616 haec
520 1568 584 1615 vos
605 1543 742 1614 doceo?
763 1568 847 1614 nam
870 1545 938 1614 etsi
952 1564 1029 1611 non
1049 1563 1110 1610 sus

62 1651 245 1722 Minervam
256 1655 309 1740 4⁴,
334 1669 376 1726 ut
399 1654 519 1744 aiunt;
542 1667 662 1726 tamen
684 1655 830 1752 inepte,
854 1653 1018 1749 quisquis
1040 1651 1111 1720 Mi-

63 1786 192 1834 nervam
213 1761 332 1835 docet.

61 1939 195 2003 (ludwici
204 1944 421 1994 enimrecentiores
430 1947 552 1995 Socratem
597 1961 641 2006 eo,
657 1961 733 2010 quum
746 1961 799 1993 eom
815 1943 899 1992 Oxon.
916 1944 944 1992 Ε.
961 1942 1066 2006 ignoret.
1077 1945 1108 1990 G.

61 2017 86 2066 td
95 2036 143 2070 tun
152 2035 233 2088 portes
244 2023 353 2074 studiose
362 2025 518 2090 applicabant
526 2030 552 2096 3)
632 2027 674 2083 43.
685 2024 846 2073 abundantia
855 2022 974 2089 qaudam.
986 2055 993 2068 .
1005 2020 1109 2070 ..tristo-

60 2098 95 2145 ffll
115 2117 184 2165 quum
207 2105 261 2152 haee
281 2119 346 2166 vox,
369 2104 435 2153 nude
456 2107 552 2170 posita,
596 2104 661 2154 teles.
675 2107 733 2152 llsrc
746 2104 831 2162 verba,
849 2104 883 2150 ait
900 2104 1019 2160 Goerenr,
1036 2100 1109 2148 relate

60 2177 270 2241 obscuriorfuisset,
282 2182 387 2232 addebet
396 2184 437 2232 ille
444 2185 552 2250 explica·
595 2184 627 2232 acl
638 2183 797 2232 Academicos
812 2184 976 2248 Speusippum
989 2193 1012 2230 et
1023 2183 1109 2230 Xeno·

60 2257 151 2318 loten,
169 2278 226 2326 qun
248 2261 335 2326 Ιποχῐς
354 2279 419 2312 meru
440 2263 552 2314 delinitio
596 2274 684 2312 cratem
713 2263 830 2327 capienda
858 2273 925 2311 sunt.
946 2261 1012 2309 Vide
1037 2260 1106 2325 quasi

59 2345 100 2398 Ν,
114 2339 202 2405 qsslppe
217 2357 291 2405 quam
306 2341 364 2390 olibi
385 2363 397 2386 ι
408 2345 552 2394 mansionis
595 2344 761 2392 commentarii
770 2344 827 2391 loco
836 2342 904 2391 Orat.
913 2343 958 2400 ΙΙΙ,
971 2342 1012 2402 rfl,
1022 2341 1064 2402 67.
1075 2341 1106 2388 G.

56 2417 199 2467 mentionem
211 2442 222 2463 ι
237 2431 324 2468 vertat.
344 2423 377 2468 tte
389 2423 465 2487 igitur
473 2425 552 2490 expli=
633 2429 675 2479 44.
694 2421 743 2486 Qui
754 2419 807 2469 ltere
819 2437 865 2470 vos
877 2421 964 2469 doceo.
976 2452 983 2468 .
993 2436 1045 2470 ,ιω
1056 2419 1107 2468 rti-

56 2495 121 2544 un'ra
130 2511 177 2558 est,
185 2509 214 2548 ut
222 2500 361 2564 sepissime.
373 2503 485 2552 Ceterum
495 2520 551 2552 ver·
597 2519 704 2552 navam.
718 2502 813 2551 Mavult
826 2501 901 2550 Rath.
919 2523 932 2544 «
940 2500 983 2565 qui
995 2501 1048 2548 haec
1062 2514 1107 2546 vos

56 2572 92 2634 h,
105 2599 117 2618 ι
127 2578 191 2626 nulle
202 2579 363 2629 affimatioue
376 2581 483 2630 adbibita
493 2599 553 2631 oon·
597 2582 698 2632 doceam
709 2605 729 2631 n.
749 2581 825 2644 Quod
838 2581 900 2630 nihil
917 2596 980 2645 opus
1000 2591 1049 2639 εει,
1064 2577 1109 2642 qui

56 2656 146 2705 mendo
162 2657 327 2717 disserendi»,
343 2659 410 2709 velut
423 2663 552 2711 urranotio
596 2663 660 2710 enim
680 2677 732 2710 non
753 2661 831 2710 solum
850 2676 896 2724 pro
917 2676 991 2724 quum
1010 2659 1031 2706 r's
1051 2673 1107 2704 cnm

55 2735 168 2797 miltiade
179 2749 247 2787 tunt.
257 2739 290 2788 G.
595 2741 659 2803 tubi.
673 2741 715 2790 sed
729 2743 800 2790 etiam
814 2757 861 2806 pro
873 2739 942 2805 qood
949 2739 970 2787 r's
978 2736 1109 2802 (lr.l.quod

83 2822 119 2870 to.
136 2817 284 2868 Dissuta-endi.
303 2822 359 2869 Hoc
371 2821 472 2869 verbum
488 2819 552 2870 delet
596 2836 640 2886 ego
649 2823 675 2890 ),
687 2837 742 2869 curn
752 2820 885 2868 indicativo
895 2819 1002 2884 ponitur.
1014 2817 1067 2864 Pin.
1074 2817 1107 2875 V,

55 2891 246 2960 Genunquod,
256 2899 345 2962 inquit,
353 2911 379 2974 ut
386 2911 450 2948 recte
457 2899 552 2960 judicet
599 2913 643 2961 19,
657 2900 689 2949 55
698 2913 705 2947 :
718 2899 822 2947 abeatus
830 2899 914 2962 igitur,
924 2899 966 2962 qui
975 2898 1021 2944 lros
1030 2896 1107 2944 inter·

55 2971 148 3034 mirol,
160 2991 191 3023 cx
202 2977 316 3041 proxime
324 2980 462 3042 praegressis
473 2980 551 3028 scriba
595 2980 677 3029 fecit.»
686 2979 900 3035 G.—Utaiunt,·.
912 3013 918 3026 .
929 2975 1050 3042 quisquis
1058 2973 1107 3024 ste·-

55 3059 139 3114 lfltpeus
152 3056 269 3118 repetiit:
289 3071 344 3104 uam
358 3073 512 3122 quocumque
524 3059 552 3107 id
595 3075 692 3107 nervum
699 3059 884 3107 docet.lloecals
896 3057 995 3106 Uffbcn.
1004 3055 1108 3113 abmnt5

55 3127 137 3180 durum
157 3135 234 3184 modo
257 3135 406 3196 defenderis,
426 3138 551 3186 marcebit.
595 3138 679 3186 sedex
693 3137 854 3202 negligentia:
868 3152 925 3184 nam
935 3135 960 3183 h.
973 3137 991 3183 l.
1005 3135 1108 3183 reticen-

55 3208 177 3261 llelerimus
188 3215 265 3279 igitur
275 3231 332 3264 eum
342 3217 472 3276 Ducenda,
484 3217 552 3281 quod
596 3217 636 3264 tite
644 3213 721 3280 ligura
731 3215 812 3263 locum
820 3213 960 3263 nonhabet.
971 3216 999 3262 P.
1009 3215 1106 3262 Menoe.

54 3286 133 3339 dudum
141 3294 197 3342 W.
209 3295 266 3344 DI).
279 3295 348 3343 uncle
356 3296 406 3344 suis
419 3295 550 3346 damnave-
595 3305 620 3344 et
632 3295 715 3345 erb.
729 3306 793 3343 recte
806 3293 916 3359 quisquis
932 3303 1107 3356 correxerunt,

55 3380 108 3417 mut.
596 3391 672 3440 quum
687 3376 755 3439 prius
770 3373 872 3439 quisque
892 3375 1019 3437 legeretur.
1038 3373 1106 3422 Con·

82 3451 118 3507 41.
134 3451 217 3516 Quod.
228 3489 236 3502 .
248 3487 255 3500 .
267 3453 399 3517 probabat.
409 3457 456 3504 lsta
466 3472 553 3521 peren·
596 3453 695 3502 firment
706 3465 754 3502 tres
767 3453 829 3510 mei,
838 3463 863 3502 et
876 3454 958 3519 plures
972 3453 1031 3501 editi
1046 3462 1106 3501 vett.

55 3523 104 3574 theti
116 3531 217 3579 Goerenz
231 3531 340 3580 inclusit.
596 3534 623 3582 in
636 3533 725 3599 quibus
739 3535 804 3582 Crat.
818 3544 867 3592 est,
879 3548 958 3581 veram
968 3533 1106 3582 lectionem.

83 3612 119 3660 la.
137 3611 168 3656 Ut
179 3609 242 3657 miti
252 3609 353 3659 videtur
368 3613 472 3676 qur'dem.
491 3614 551 3677 Qui·
596 3614 628 3662 G.
643 3639 679 3650 -
693 3613 855 3662 Tritissimum
872 3612 938 3677 epod
957 3612 1047 3662 latinos
1068 3627 1108 3659 au·

55 3681 322 3754 deesslienoloeoesee,
333 3693 550 3743 certissimnssuro.
595 3704 673 3742 utores
693 3687 822 3756 adagium:
840 3684 864 3749 ὗς
881 3689 922 3746 ria
940 3678 1045 3752 lemn,
1058 3691 1106 3738 sci·

56 3761 240 3826 Ubiqueeuimee
247 3780 311 3833 part.
316 3771 502 3834 pronominibus
509 3773 551 3820 ad·
593 3772 651 3820 licet
664 3771 749 3830 decer,
759 3771 777 3820 i.
788 3787 811 3821 e.
828 3783 927 3831 monet,
937 3771 985 3821 dici
994 3771 1104 3829 solitum,

56 3837 116 3900 ditur,
124 3847 205 3907 prucis
215 3847 279 3896 loeIs
292 3850 412 3914 exoeptis,
423 3867 492 3916 quae,
504 3851 550 3899 alie
595 3852 691 3914 quoties
705 3851 821 3901 indoctus
832 3853 967 3918 quispiam,
981 3863 1053 3915 etque
1066 3852 1108 3898 irr-

55 3921 112 3968 roei.
118 3925 224 3986 notione,
233 3927 265 3974 acl
276 3930 474 3993 propriemsuam
483 3947 553 3996 regu·
595 3930 674 3980 sulsus
687 3949 742 3980 eum
756 3933 846 3982 docere
858 3945 971 3992 conatur,
984 3951 997 3979 a
1011 3947 1061 3994 quo
1075 3929 1106 3976 sit

57 3997 95 4046 lm
103 4001 288 4068 montegnana.
299 4006 359 4056 Ideo
371 4025 395 4058 ν.
403 4009 500 4074 quidem
509 4009 552 4058 de·
595 4009 648 4074 ipse
657 4013 733 4075 magis
742 4012 876 4061 doeendus.
887 4009 1108 4066 Minervaeartium,

57 4075 138 4129 lentim
148 4083 246 4144 judiam
265 4085 358 4151 quippe
375 4105 446 4152 quam
466 4089 552 4138 scriba
596 4101 620 4138 et
629 4090 781 4154 ingeniorum
791 4091 1008 4140 tutelatribuitora
1019 4088 1106 4152 poetis.

58 4157 233 4215 tdtlereament:
247 4165 324 4230 idque
334 4169 410 4232 magis
420 4169 552 4218 oostrolo·
597 4171 645 4224 sue
663 4185 721 4220 vero
739 4170 834 4220 nullum
848 4171 914 4219 aliud
928 4167 1016 4217 animal
1032 4167 1108 4231 magis
