2776 4688
256 383 321 462 12'
477 389 527 461 ΙΝ
549 389 797 464 CICERONIS¹
815 389 1081 462 ACADEMICA

251 528 334 592 erat,
348 528 422 576 ante
433 534 531 599 quam
542 521 557 588 s
569 535 668 600 parvo
676 514 843 577 intervallo
852 513 936 576 tertii
946 511 1019 575 libri
1030 510 1160 574 initium
1171 525 1314 574 statuere

155 654 162 666 ·
249 618 412 697 jubemur.
434 617 635 699 Omittimus,
652 619 731 706 quid
748 618 787 683 de
804 619 916 683 ceteris
933 619 994 681 illis
1012 641 1050 681 ex
1065 618 1097 680 ΙΙ
1114 632 1146 680 et
1165 617 1219 679 lll
1229 616 1314 680 libro

252 723 339 812 apud
352 723 514 799 Nonium,
531 725 690 811 aliosque,
708 726 892 814 fragmentis
906 721 1114 788 statuendum
1127 723 1182 802 sit,
1201 737 1233 784 et
1248 722 1314 784 hoc

252 831 360 918 potius
377 829 591 919 adjungimus.
615 832 647 894 Si
666 831 715 896 vel
735 833 767 895 in
790 829 924 896 Lucullo
944 847 1009 895 tres
1027 831 1098 893 illos
1115 829 1215 892 libros
1232 850 1314 890 con-

254 951 357 1000 cretos
367 936 626 1023 putaris3tamen
636 958 678 999 ne
687 937 732 1000 sic
742 937 883 1024 integros
892 934 933 998 ad
942 957 1002 998 nos
1011 933 1150 1021 perlatos
1161 929 1315 995 habebis:

209 1051 216 1060 '
253 1055 427 1108 namcerte
439 1061 553 1104 eorum
567 1041 722 1127 prooemia
734 1039 970 1119 desideramus,
984 1060 1055 1126 quae
1067 1037 1117 1100 his
1130 1036 1317 1100 aCicerone

251 1167 327 1208 vere
349 1143 456 1208 addita
478 1142 577 1208 fuisse
601 1145 766 1208 manifeste
785 1145 875 1208 locus
896 1143 1029 1231 probat,
1053 1143 1086 1204 in
1107 1163 1173 1228 quo
1187 1140 1317 1203 mirum

252 1250 316 1313 boc
338 1249 380 1313 de
403 1272 437 1312 se
460 1250 573 1314 Cicero
596 1250 766 1314 oblivionis
787 1249 980 1336 exemplum.
1004 1250 1069 1312 Att.
1087 1247 1180 1320 XVI,
1203 1267 1254 1333 ep.
1271 1245 1317 1336 6:

252 1385 266 1412 ι
278 1355 375 1419 Nunc
391 1356 616 1444 negligentiam
636 1379 739 1420 meam
755 1377 925 1444 cognosce.
943 1356 991 1418 De
1011 1354 1120 1420 Gloria
1136 1351 1255 1416 librum
1273 1349 1319 1414 ad

254 1477 285 1524 te
308 1460 408 1523 misi:
430 1477 463 1523 at
485 1461 519 1523 in
543 1483 582 1525 eo
603 1462 795 1549 prooemium
818 1461 936 1540 idest,
961 1458 1050 1546 quod
1072 1459 1106 1520 in
1125 1455 1318 1520 Academico
1383 1505 1384 1508 ,

252 1566 383 1628 tertio».
405 1565 545 1628 Ubinam
567 1567 665 1655 igitur
686 1567 750 1630 hoc
769 1568 852 1630 tertii
872 1565 945 1629 libri
962 1563 1082 1628 Acadd.
1101 1561 1322 1651 prooemiumi'·

253 1669 309 1732 ubi
322 1692 357 1732 ea
369 1669 590 1756 reliquorum?
605 1672 765 1758 Denique,
778 1687 816 1734 ut
826 1669 875 1752 id,
886 1671 954 1733 huc
964 1684 1140 1747 servatum,
1153 1665 1319 1746 adjiciam,

251 1798 366 1864 parum
375 1798 517 1840 consona
531 1777 612 1840 ratio
629 1793 693 1857 est,
710 1774 814 1864 quod,
825 1797 927 1863 quum
947 1773 1110 1839 Ciceronis
1124 1771 1317 1844 consilium,

251 1911 265 1937 ι
276 1897 377 1952 totam
390 1881 594 1946 Academiam
611 1880 652 1944 ad
664 1881 842 1945 Varronem
863 1878 1089 1960 traducendi»,
1106 1895 1144 1942 ut
1158 1891 1318 1965 parerat,

254 1988 496 2068 concederetur,
510 2006 618 2053 tamen
636 1989 722 2054 idem
737 1991 870 2052 nomina
886 1987 1140 2074 colloquentium
1153 1985 1187 2047 in
1203 1985 1321 2048 ceteris

253 2093 357 2156 tribus
377 2092 467 2156 libris
490 2091 601 2156 eadem
622 2093 802 2182 reposuisse
826 2091 967 2172 dicatur,
988 2091 1107 2178 quibus
1130 2089 1219 2178 prius
1237 2110 1323 2151 usus

254 2212 347 2261 esset.
374 2197 404 2259 Is
427 2197 563 2280 scilicet,
588 2198 645 2284 qui
667 2198 752 2261 hanc
774 2198 874 2261 solam
897 2219 1024 2260 causam
1049 2195 1172 2282 ubique
1194 2215 1259 2281 prae
1282 2215 1325 2256 se

255 2301 333 2380 fert,
347 2324 406 2365 cur
419 2302 480 2365 sibi
494 2301 568 2366 libri
582 2303 626 2366 illi
643 2301 846 2390 displiceant3
860 2303 917 2389 qui
931 2300 1005 2367 ideo
1019 2300 1084 2380 jam
1097 2315 1171 2363 ante
1185 2296 1323 2362 eosdem
1383 2313 1384 2318 ’

255 2405 295 2469 ad
318 2408 473 2470 Catonem
496 2423 530 2470 et
549 2409 683 2472 Brutum
709 2408 929 2489 transtuleram
950 2405 1042 2495 apud
1057 2425 1155 2492 quem
1178 2402 1326 2490 denique.

254 2533 433 2599 nusquam,
454 2511 543 2576 unde
563 2529 724 2577 mutatum
740 2512 910 2577 consilium
930 2511 1097 2591 conjicias,
1122 2531 1164 2572 oe
1181 2507 1326 2570 verbum

256 2615 404 2704 quidem!
433 2618 653 2681 Certissimum
678 2619 787 2707 potius
812 2635 881 2700 est,
908 2639 966 2706 per
992 2637 1105 2694 omnes
1131 2615 1192 2678 bos
1219 2612 1322 2676 libros

255 2719 408 2786 Varronis
437 2739 543 2810 partes
572 2722 670 2785 fuisse
701 2723 876 2810 primarias
912 2722 994 2785 Nam
1026 2737 1190 2784 auctorem
1217 2731 1325 2779 totam

256 2826 462 2891 Academiam
488 2826 529 2889 ad
550 2827 641 2908 hunc
665 2828 836 2892 transferre
859 2850 927 2891 non
953 2826 1060 2891 solum
1080 2825 1235 2903 voluisse,
1261 2819 1326 2884 sed

256 2931 341 2995 idem
359 2933 455 2994 etiam
476 2930 664 3020 p'erfecisse,
685 2955 724 2996 ex
746 2956 786 2996 eo
806 2934 927 2997 clarum
949 2948 1013 3012 est,
1032 2929 1139 3018 quod,
1158 2927 1327 3013 descripto

193 3094 197 3102 .
254 3038 320 3117 J'am
335 3037 525 3125 exemplari,
541 3035 630 3124 quod
645 3035 687 3100 ad
698 3036 877 3102 Varronem
891 3037 1072 3100 mitteretur
1086 3034 1099 3122 (
1111 3035 1151 3099 cf.
1169 3057 1218 3122 ep.
1240 3030 1281 3095 23
1292 3029 1324 3117 );

258 3145 304 3209 sic
319 3142 407 3208 idem
428 3141 468 3208 de
486 3141 601 3206 eodem
619 3164 669 3229 ep.
688 3143 749 3206 25:
769 3145 840 3206 «lta
859 3163 942 3229 saepe
959 3141 1039 3204 milri
1056 3139 1197 3204 occurrit
1210 3136 1325 3218 vultus

259 3252 344 3334 ejus,
364 3251 528 3338 querentis
545 3250 680 3314 sortasse
700 3251 751 3313 rel
772 3248 858 3330 hmo,
875 3269 961 3312 meas
984 3263 1088 3334 partes
1111 3249 1325 3320 (ἀκαταληψίας)

257 3359 291 3422 in
305 3357 355 3419 bis
368 3356 457 3419 libris
470 3356 631 3443 copiosius
648 3354 794 3418 defensas
807 3375 892 3433 esse,
906 3375 1003 3440 quam
1020 3375 1092 3416 suas
1106 3355 1326 3427 (scrutabimu-

260 3463 307 3524 Cf.
333 3483 383 3548 ep.
411 3482 460 3544 ¹9·
487 3459 668 3523 Confirmat
692 3458 779 3522 idern
795 3459 886 3522 locus
909 3480 948 3520 ex
970 3456 1089 3522 Acadrl.
1119 3480 1137 3520 a
1160 3456 1328 3520 Martiano

261 3563 397 3652 Capella,
414 3563 452 3645 V,
469 3586 501 3651 p.
526 3564 603 3646 168,
625 3561 796 3627 laudatus:
819 3563 957 3626 «Latent
977 3562 1036 3625 ista
1057 3561 1183 3642 omnia,
1200 3561 1324 3642 Varro,

261 3668 384 3758 magnis
408 3667 577 3730 obscurata
599 3683 632 3731 et
651 3667 844 3732 circumfusa
869 3666 1048 3747 tenebris=;
1073 3666 1128 3753 qui
1149 3681 1258 3752 aperte
1276 3666 1328 3728 sic

261 3799 301 3842 ex
319 3775 443 3839 Lucull.
467 3773 525 3859 39,
548 3796 623 3854 raa,
647 3773 812 3838 traductus
834 3791 901 3856 est,
925 3791 962 3838 ut
983 3771 1112 3837 Luculli
1131 3772 1200 3836 rice
1218 3795 1236 3834 a
1254 3772 1324 3836 Cic.

266 3883 369 3946 Varro
384 3895 570 3968 poneretur.

305 3989 353 4052 lta
373 3983 504 4073 quidem
526 4007 565 4048 ex
587 3985 642 4067 iis,
666 4007 736 4073 quae
755 3985 958 4067 monuimus,
979 3985 1042 4048 hoc
1058 3997 1167 4071 patere
1182 3979 1324 4063 videtur,

262 4096 354 4159 istam
370 4092 561 4156 sententiam
580 4091 729 4163 abomni
744 4107 833 4179 parte
847 4092 1009 4172 vacillare3
1023 4112 1130 4178 neque
1146 4088 1189 4153 de
1204 4111 1270 4152 una
1290 4105 1326 4154 et
