2770 4688
300 369 337 434 r.
358 365 601 436 tamnus
625 367 900 437 seinamma.
1086 391 1131 464 27

78 490 115 552 ita
136 507 256 575 parvae,
284 501 324 551 ut
350 487 413 551 sub
438 509 569 552 sensum
596 488 710 553 cadere
734 508 803 552 non
827 503 979 576 possent3
1006 505 1064 554 aut
1088 491 1133 556 ite

77 593 199 658 mobiles
214 607 248 658 et
259 596 437 678 concitatae,
452 611 490 659 ut
500 595 582 660 nihil
591 616 749 685 umquam
760 615 862 659 unum
874 611 956 660 esset
965 611 1133 679 constans,

75 723 111 764 ne
129 699 215 764 idern
238 699 391 789 quidem3
414 701 491 790 quie
512 703 717 768 continenter
734 701 920 766 laberentur
943 719 976 766 et
995 700 1134 768 fluerent

73 807 180 871 omnia.
213 807 331 896 ltaque
361 807 446 872 hano
477 825 609 873 onanem
639 823 764 898 partem
796 827 907 872 rerum
935 807 1133 897 opinabilem

72 913 282 1003 appellabant5
296 913 464 979 scientiam
480 929 590 980 autem
603 934 766 1003 nusquam
779 932 850 980 esse
863 914 1054 996 censebant,
1071 915 1134 978 nisi

72 1019 101 1080 in
126 1019 222 1083 animi
249 1019 441 1084 unionibus
466 1036 566 1109 atque
595 1019 807 1085 rationibus».
838 1018 931 1084 Idem
956 1019 1069 1084 Cicero
1097 1023 1132 1084 in

72 1122 195 1188 Lucullo
216 1123 264 1212 (ι)
285 1147 293 1188 :
314 1154 328 1179 ι
341 1121 432 1190 Plato
452 1139 561 1190 autem
579 1147 679 1190 omne
699 1120 1132 1207 judiciumveritatis,re1i-

74 1245 222 1318 tatemque
248 1231 354 1321 ipsam
375 1231 549 1298 abductam
572 1235 612 1298 ab
635 1233 846 1324 opinionibus
869 1248 904 1296 et
926 1255 945 1296 a
967 1232 1133 1314 sensibus,

73 1339 262 1427 cogitationis
281 1340 383 1428 ipsius
402 1355 436 1406 et
454 1342 571 1406 mentis
589 1363 659 1406 esse
679 1342 812 1407 voluit..
839 1340 980 1406 Galenus
993 1339 1040 1428 (a)
1062 1341 1132 1429 ipse

74 1442 157 1507 eiam
169 1443 357 1510 Platonicus
373 1455 463 1528 φυσικὰ
477 1458 605 1529 κριτήρια,
620 1447 655 1512 id
672 1462 739 1529 est,
754 1447 969 1512 instrumenta
984 1430 1002 1511 a
1017 1459 1132 1512 natura

73 1545 323 1628 adjudicandum
336 1551 475 1634 tributu,
489 1561 599 1618 assam
613 1563 655 1617 ssi
667 1563 766 1634 γνώμην
779 1551 872 1635 dicit,
884 1553 919 1618 id
931 1569 996 1635 est,
1007 1573 1131 1617 sensum

73 1653 359 1745 &intelligentiam
377 1674 477 1746 quam
495 1671 528 1722 et
542 1663 668 1736 ituatur,
686 1659 833 1733 siveritis,
849 1658 961 1734 idest,
979 1671 1128 1740 merstem,

72 1759 126 1824 site
143 1775 275 1844 npeptv,
293 1763 327 1826 id
343 1775 409 1846 est,
424 1765 699 1829 ratiocinationem
707 1814 717 1845 ,
736 1764 896 1853 appellare
912 1765 1009 1828 etiam
1025 1765 1130 1829 liceat.

75 1862 136 1932 Ilaec
154 1868 267 1934 eadem
288 1877 438 1934 veterum
461 1871 753 1960 Peripateticorum
770 1871 929 1936 sententia
950 1872 1022 1935 fuit.
1048 1871 1132 1936 Nam

74 1972 170 2060 stipsi
189 1975 302 2038 sensui
320 1997 429 2039 rerum
448 1996 520 2063 quae
540 1977 738 2059 sentiantur,
761 1999 829 2040 non
849 1977 970 2040 seclusa
987 1977 1130 2058 ratione,

73 2091 99 2138 et
116 2079 331 2172 intelligentiae
355 2103 469 2146 eorum
492 2104 564 2171 quae
587 2097 697 2147 mente
718 2083 953 2172 percipiantur,
971 2081 1130 2162 judicium

74 2178 238 2250 detulerunt
256 2186 328 2275 (3):
347 2188 408 2252 nisi
430 2188 521 2276 qnod
542 2179 731 2253 Aristoteles
750 2179 837 2254 ideas
857 2189 924 2252 illas
942 2189 1132 2278 speciesque

73 2309 180 2374 remm,
204 2315 280 2380 quae
306 2293 451 2358 Platonis
475 2309 554 2359 sunt
577 2303 610 2356 et
633 2309 726 2366 νοητὰ,
748 2291 787 2360 -id
814 2311 882 2378 est,
902 2294 1130 2381 intelligimus,

73 2391 273 2482 labefactavit3
303 2399 541 2466 universalibus
562 2399 762 2488 quibusdam
788 2423 898 2466 renam
922 2401 1129 2483 notionibus,

73 2519 130 2584 qua
138 2525 299 2592 nusquam
309 2503 625 2595 alibi,praeterquam
635 2507 669 2569 iu
680 2507 816 2596 singulis
826 2507 1011 2595 quibusque
1020 2507 1131 2588 rebus,

73 2607 137 2690 tint,
151 2611 371 2702 intelligentiae
389 2633 466 2677 tero
485 2635 583 2702 opera
601 2637 621 2677 a
643 2615 775 2679 materia
795 2630 1013 2702 seponantur,
1031 2629 1130 2700 atque

72 2731 213 2802 perpetue
228 2719 460 2808 simplicesque
479 2720 545 2800 jam
569 2736 602 2784 et
620 2719 810 2784 uniusmodi
828 2721 861 2782 in
881 2719 1130 2805 contemplatio-

71 2837 131 2882 nem
143 2826 288 2908 veniant,
304 2846 408 2914 quum
420 2828 597 2916 singulares
607 2849 658 2890 res
672 2825 766 2890 fluxae
778 2825 1037 2913 multiplicesque
1048 2826 1128 2906 siut,

71 2920 96 2985 ia
112 2925 250 2994 idearum
275 2932 381 2996 vicem
405 2931 557 2996 inductis.
593 2928 670 2996 Haec
695 2949 772 2998 sunt
797 2951 917 3021 genera
941 2932 1130 3019 speciesque

71 3047 162 3097 terum
177 3053 210 3100 et
225 3027 287 3100 alia
306 3059 379 3125 quae
396 3037 437 3102 de
452 3038 553 3102 rebus
567 3038 794 3128 intelliguntur
808 3052 843 3102 et
857 3037 1081 3116 enuntiantur,
1095 3053 1130 3100 et

71 3135 139 3201 uma
148 3152 220 3227 qun
235 3143 373 3208 scientia
385 3161 541 3228 versatur,
555 3145 747 3209 scholastico
763 3144 924 3207 vocabulo
940 3141 1130 3206 universalia

70 3260 259 3335 nuncupata:
282 3249 342 3314 sed
363 3248 560 3321 abstrusiora
578 3251 648 3316 haec
665 3264 760 3330 sunt,
780 3250 981 3336 tulnutoeque
996 3249 1126 3338 alisqui·

69 3343 194 3435 atonis,
210 3369 245 3418 et
260 3377 336 3444 qnae
352 3377 391 3419 ex
406 3355 538 3420 duobus
555 3358 690 3420 summis
708 3354 929 3445 philosophis,
947 3375 1129 3444 eorumque

70 3452 131 3515 satis
143 3459 252 3524 maltis
268 3461 502 3551 interpretibus
517 3461 584 3526 sint
594 3460 819 3551 perdiscenda.

101 3667 135 3735 (ι)
151 3675 227 3725 Acad.
238 3677 285 3726 lib.
302 3681 328 3736 I,
343 3693 399 3742 cap.
414 3680 457 3734 46.

99 3757 171 3822 (une
185 3763 289 3813 dantis
298 3766 420 3829 Hippone.
435 3778 460 3815 et
472 3765 533 3816 Plat.
545 3765 590 3818 lib.
602 3767 657 3825 IX,
670 3777 694 3814 et
706 3766 732 3815 in
744 3779 873 3817 comment.
886 3767 930 3818 nb.
940 3769 994 3818 κατ’
1008 3767 1116 3835 ineptior,

70 3857 115 3907 με·
126 3848 188 3912 665,
198 3855 294 3902 Graecas
307 3855 366 3904 edit.
378 3855 451 3904 basil.

99 3931 131 3996 (3)
146 3939 206 3988 Vide
226 3940 337 3992 Platonis
354 3945 536 4004 Parmenidem,
555 3957 581 3994 et
601 3945 632 3992 de
648 3945 753 4010 Republ.
769 3945 814 3996 lib.
829 3949 908 4008 vm,
930 3961 979 4008 ¹⁰3
1000 3945 1126 3994 Plutarch.

71 4019 168 4074 alterans
181 4029 305 4092 Colorem
319 4031 445 4082 Stobaeum
459 4035 484 4082 in
498 4034 624 4100 Physicis,
635 4051 689 4099 cap.
702 4035 731 4083 ds
745 4015 799 4084 idei
807 4070 816 4099 ,
825 4052 883 4101 pag.
897 4033 1080 4095 303r1unrch.
1092 4035 1127 4084 do

74 4106 141 4168 ebrit.
156 4115 243 4168 Philus.
258 4119 302 4168 tit.
315 4123 343 4183 1,
360 4135 414 4184 cap.
431 4138 471 4170 ro.
