2756 4692
236 269 305 352 564
567 267 615 332 Μ.
642 267 679 331 Τ.
708 265 954 336 CICERONIS

234 417 317 465 nem
339 412 468 461 novam
492 401 678 485 quaereret.
701 384 882 458 Probitate
900 386 1066 460 videlicet
1083 388 1311 486 prestabat:

234 501 373 602 probus
389 513 510 569 autem
531 495 666 568 inridet
687 498 834 567 nemini.
854 501 980 593 itaque
998 500 1119 569 omnia
1132 499 1190 571 sui
1204 500 1312 570 simi-

235 610 305 684 lia⁵
328 608 520 708 generavit.
549 611 630 678 Haec
649 607 820 677 nimirum
842 605 1011 702 gignendi
1034 606 1164 678 mundi
1190 633 1311 680 causa

231 719 437 817 justissima.
460 721 551 790 Nam
572 740 686 812 quum
707 716 950 787 constituisset
971 721 1069 788 Deus
1091 715 1200 788 bonis
1219 742 1309 788 om-

235 829 341 900 nibus
362 824 506 924 explere
520 824 719 912 mundum,
740 825 823 896 mali
842 823 933 896 nihil
949 823 1161 912 admiscere,
1175 827 1308 925 quoad

236 955 364 1012 natura
388 949 593 1034 pateretur:
612 933 792 1033 quidquid
817 949 909 1024 erat,
935 934 1035 1032 quod
1059 938 1098 1006 in
1116 935 1310 1008 cernendi

143 1089 145 1097 ·
235 1073 380 1126 sensum
401 1045 565 1135 caderet,
587 1044 625 1116 id
641 1045 709 1118 sibi
723 1043 950 1142 assumpsit⁶,
966 1071 1040 1116 non
1061 1045 1308 1143 tranquillum

235 1176 271 1234 et
289 1160 453 1256 quietum
463 1167 490 1244 ⁷3
512 1153 575 1227 sed
590 1153 827 1226 immoderate
846 1157 1077 1251 agitatumet
1098 1156 1309 1244 fluctuans,

235 1269 346 1366 idque
366 1293 410 1338 ex
434 1264 642 1336 inordinato
666 1265 705 1334 in
723 1263 887 1336 ordinem
915 1263 1088 1350 adduxit:
1113 1265 1186 1336 hoc
1204 1267 1309 1338 enim

233 1378 416 1476 judicabat
427 1400 504 1448 esse
521 1376 757 1473 praestantius.
772 1381 838 1446 Fas
847 1389 966 1446 autem
982 1399 1050 1447 nec
1063 1389 1130 1464 est,
1146 1401 1216 1448 nec
1229 1401 1312 1447 nm·

234 1512 342 1586 quam
360 1483 444 1572 tuit,
462 1482 663 1581 quidquam
673 1485 742 1554 nisi
759 1483 1046 1582 pulcherrimum
1064 1483 1183 1558 lacere
1204 1509 1308 1574 eum,

238 1599 302 1694 qui
316 1611 407 1668 esset
423 1598 592 1692 optimus.
616 1595 739 1684 Quum
755 1595 932 1666 rationem
946 1589 1082 1690 igitur⁸
1096 1593 1309 1682 habuisset,

238 1705 455 1805 reperiebat,
468 1703 556 1774 nibil
569 1727 645 1775 esse
660 1727 806 1791 eorum,
823 1727 904 1801 quae
917 1719 1045 1776 natura
1057 1720 1310 1791 cernerentur,

237 1841 314 1888 non
326 1815 547 1910 intelligens,
564 1813 807 1910 intelligente,
821 1815 859 1884 in
874 1827 952 1884 toto
970 1839 1114 1910 genere,
1131 1830 1309 1914 prestan-

239 1927 330 2011 tius3
345 1923 617 2020 intelligentiam
635 1938 754 1994 autem
769 1922 832 1992 ulli
848 1925 900 1993 rei
914 1922 1118 2018 adjunctam
1136 1949 1217 1996 esse
1231 1927 1310 1996 sine

239 2037 377 2119 animo,
396 2031 495 2104 nefas
509 2051 603 2102 esse.
623 2034 802 2121 Quocirca
820 2031 1089 2128 intelligentiam
1108 2036 1147 2103 in
1162 2035 1308 2118 animo,

240 2145 401 2216 animum
422 2141 598 2212 conclusit
616 2141 653 2210 in
672 2164 835 2238 corpore.
855 2143 911 2212 Sic
929 2153 1094 2212 ratusest
1108 2165 1204 2239 opus
1220 2140 1308 2212 illud

241 2251 413 2324 effectum
436 2275 512 2320 esse
533 2249 827 2349 pulcherrimum.
856 2253 974 2339 Quam
994 2247 1042 2320 ob
1064 2275 1211 2322 causam
1234 2276 1306 2320 non

242 2377 297 2432 est
315 2359 557 2432 cunctandum
579 2357 758 2456 profiteri,
781 2361 809 2430 si
824 2357 936 2430 modo
948 2359 1153 2456 investigari
1171 2359 1308 2458 aliquid

243 2472 448 2567 conjectura
464 2483 582 2565 potest
595 2523 605 2554 ,
617 2468 717 2540 bunc
735 2467 913 2540 mundum
925 2523 934 2556 ,
946 2469 1077 2539 animal
1091 2493 1186 2556 esse,
1200 2469 1308 2568 idque

243 2585 463 2680 intelligens,
481 2597 519 2652 et
540 2581 659 2652 divina
681 2581 906 2680 providentia
924 2583 1174 2654 constitutum.

292 2701 351 2766 IV.
370 2699 448 2764 Hoc
466 2695 604 2791 posit0;
623 2691 722 2789 quod
738 2695 921 2791 sequitur,
936 2689 1131 2763 videndum
1153 2709 1232 2782 est,
1250 2719 1307 2764 cu·

241 2807 384 2900 jusnam
404 2803 641 2874 animantium
661 2808 760 2874 Deus
780 2804 818 2872 in
838 2800 1010 2900 fingendo
1030 2802 1171 2874 mundo
1186 2805 1307 2876 simili-

244 2912 407 2984 tudinem
418 2923 594 3006 sequutus
608 2911 814 2982 sit.Nullius
823 2909 1000 3008 prolecto,
1009 2936 1136 2983 eorum
1150 2913 1308 3010 quidem,

246 3047 326 3120 qnae
344 3036 430 3092 sunt
446 3016 552 3090 nobis
572 3035 657 3091 nota
681 3019 883 3093 animantia.
904 3024 996 3091 Sunt
1017 3021 1115 3092 enim
1131 3025 1303 3094 omniain

285 3201 308 3248 5.
318 3199 343 3246 S.
349 3196 447 3246 similia.
459 3196 511 3246 Cio.
521 3211 648 3261 perperam
657 3196 759 3260 negligit
801 3207 856 3246 ante
872 3197 990 3246 mundum
1008 3197 1141 3257 meunt,
1153 3215 1186 3248 an
1197 3201 1249 3265 ipse
1260 3215 1307 3248 mn

247 3275 533 3348 irtpdlmndffm.
556 3301 591 3312 —
615 3275 759 3328 Cl.Genes.
803 3275 897 3324 mundo
924 3290 938 3323 ι
968 3277 1022 3324 Deo
1050 3277 1153 3325 somata
1173 3279 1264 3328 fuerit?
1283 3280 1308 3325 lo

252 3361 280 3414 1,
293 3365 324 3413 ιε
338 3379 350 3398 ι
361 3355 424 3404 vidit
437 3357 505 3402 Deua
521 3354 599 3402 locem
615 3354 684 3418 quod
698 3366 761 3404 aret
803 3353 853 3406 boc
870 3353 956 3403 Timui
968 3355 1026 3403 loco
1040 3353 1112 3404 Plato
1125 3356 1209 3405 dices
1220 3357 1309 3406 ridetur

253 3435 356 3498 bonn3
370 3445 394 3481 et
410 3431 499 3482 similia
511 3431 578 3482 ibid.
594 3449 637 3482 vv.
650 3447 696 3492 ro,
712 3449 762 3497 ra,
805 3443 861 3481 ante
880 3432 999 3482 mnndum
1012 3445 1121 3482 creatum
1135 3437 1259 3486 materiam
1273 3451 1309 3484 ex·

256 3515 359 3574 18,31.
809 3511 1310 3573 stitiue.Sed,exnliisPlntonislorit

290 3591 315 3641 6.
341 3589 374 3638 Id
398 3587 443 3636 siti
469 3590 606 3653 aurampsit.
630 3591 767 3638 raonem
809 3589 929 3656 (Sopbist.
939 3607 996 3656 pag.
1010 3592 1071 3648 185,
1088 3591 1251 3658 Pbilebpng.
1266 3591 1309 3652 37⁸

253 3671 298 3723 siti
315 3667 444 3719 dolendum
460 3667 766 3732 consummabunt
810 3669 868 3718 edit.
883 3671 1005 3736 maol.)
1020 3669 1259 3721 :itinerantem
1268 3685 1311 3719 n·

253 3751 381 3802 Platonem
397 3758 433 3796 eat
448 3743 511 3796 οὕτω
525 3750 574 3798 πᾶν
589 3748 643 3800 ὅσον
664 3741 692 3802 alr
711 3748 767 3817 ipa·
812 3737 895 3798 teriam
917 3765 931 3796 a
956 3751 1010 3798 Deo
1032 3749 1161 3799 lemnum
1179 3751 1308 3800 credidisse.

251 3835 292 3885 riv
304 3823 469 3899 παρσλαὸὠν.
482 3825 539 3875 Suu.
809 3830 921 3878 &torona
936 3828 1009 3878 'coni
1030 3827 1088 3878 Nat.
1109 3829 1186 3880 Daor.
1207 3833 1254 3888 111,
1267 3829 1309 3883 ¹5,

291 3927 316 3971 7.
330 3911 385 3958 Non
399 3904 555 3970 tranquillum
570 3915 594 3952 et
604 3902 718 3967 quianam.
728 3905 766 3952 Ex
809 3905 893 3971 ibique
904 3917 985 3958 notu.
994 3909 1021 3956 J.
1033 3909 1065 3955 V.
1078 3905 1109 3956 L.

255 3989 293 4036 his
306 4002 392 4050 magna
405 3980 594 4058 oriturquaestio
604 3995 611 4028 :
621 3997 651 4029 an
668 3983 765 4032 materia
846 3986 870 4032 8.
885 3985 1093 4050 Quumratr'onm
1106 3985 1183 4052 ἰξίαν
1194 3985 1308 4037 tatum
