2786 4674
518 339 708 406 rursus.
1074 335 1143 436 589

66 459 243 560 itemque
259 461 297 531 in
315 483 360 531 eo
379 457 553 529 influente
567 471 675 556 atque
691 455 862 528 effluente
881 461 1003 530 animo
1021 457 1144 534 divino

66 573 240 645 ambitus
264 570 481 668 illigabantt.
508 573 633 668 Itaque
655 569 706 640 illi
728 571 765 639 in
788 566 944 640 flumen⁵
967 571 1144 659 immersi,

67 677 202 782 neque
215 681 388 754 tenebant
398 733 407 767 ,
418 703 537 776 neque
552 677 787 766 tenebantur3
798 677 860 749 sed
873 679 907 748 vi
923 701 1052 775 magna
1065 693 1143 751 tum

67 793 272 886 ferebant,
297 806 374 862 turn
396 788 618 860 ferebantur.
645 794 700 860 Ita
722 802 840 858 totum
865 787 995 858 animal
1021 803 1144 860 move·

67 903 189 976 bntur
205 900 295 974 illud
313 899 481 998 quidem,
495 898 558 970 sed
576 898 831 985 immoderate,
855 913 891 968 et
912 895 1084 986 fortuitu,
1103 914 1145 970 ut

69 1037 142 1084 sex
166 1010 327 1082 motibus
348 1007 551 1080 veheretur.
581 1011 674 1082 Nem
698 1023 736 1080 et
762 1024 862 1095 ante,
885 1021 922 1079 et
952 1033 1065 1106 pone,
1099 1008 1144 1080 ad

69 1121 205 1190 laevam
218 1175 227 1209 ,
242 1135 278 1190 et
292 1115 337 1189 ad
351 1115 530 1205 dextram,
548 1133 585 1190 et
603 1141 763 1204 sursum,
780 1132 816 1189 et
834 1117 1019 1206 deorsum,
1030 1120 1142 1192 modo

70 1230 175 1318 huc,
197 1230 307 1302 modo
321 1225 425 1316 illuc,
445 1251 507 1299 sex
524 1253 603 1302 oras
624 1231 861 1330 regionesque
880 1251 1003 1299 versus
1020 1253 1143 1302 errans

71 1339 336 1438 procedebat⁶.

117 1467 240 1544 [Quum
259 1489 329 1529 vero
344 1471 485 1550 plurimus
507 1466 661 1526 inundaret
674 1467 778 1526 fluctus
791 1478 878 1544 etque
888 1465 1042 1539 deflueret,
1065 1465 1142 1526 unde

72 1557 186 1624 nnisnnl
206 1561 382 1634 nutriretur,
404 1563 497 1620 multo
521 1562 608 1620 etiem
623 1562 747 1637 mejorn
768 1557 950 1637 passionibus
966 1559 1142 1620 extrinsecus

72 1649 167 1711 illatis
185 1649 271 1710 turbs
290 1653 474 1732 sequebatur,
486 1669 576 1730 quum
593 1671 700 1730 eorpus
714 1639 830 1729 aliquod
850 1650 923 1728 ignis
937 1650 1087 1708 exterioris
1099 1651 1142 1710 in-

74 1743 219 1802 currisset
233 1745 433 1815 offensionem,
441 1747 487 1804 vel
503 1759 611 1804 eterrae
620 1743 774 1813 soliditate,
789 1755 839 1802 sut
851 1763 931 1820 eque
945 1742 1076 1812 humore,
1091 1758 1141 1802 aut

61 1835 155 1894 eteris
174 1836 243 1896 ssetu
259 1839 357 1898 laesum
373 1851 462 1900 esset:
484 1857 575 1916 porro
590 1835 628 1896 eb
647 1837 682 1894 iis
698 1834 832 1894 omnibus
851 1855 905 1913 per
924 1853 1031 1914 corpus
1046 1847 1141 1893 motus

74 1947 173 2006 usque
186 1929 223 1987 nd
237 1933 361 1990 enimam
373 1943 538 2002 transeunt,
550 1929 601 2006 qui
612 1941 768 2007 propterea
780 1928 903 1994 etinitio
915 1941 943 1986 et
954 1947 1031 1984 nunc
1043 1947 1141 1986 sensus

74 2022 275 2097 cognominati
282 2023 407 2082 suntzbi
420 2022 537 2101 quidem
552 2021 679 2080 ebinitio
693 2021 830 2080 continue
844 2021 950 2079 multos
961 2033 990 2078 et
1002 2021 1141 2078 maximos

74 2124 176 2172 motus
189 2113 275 2185 cient,
288 2115 353 2174 rivo
369 2115 420 2174 itto
434 2115 541 2192 jugiter
553 2114 673 2186 fluente,
685 2127 771 2192 atque
786 2113 831 2172 bis
844 2111 979 2171 fluctibus
991 2112 1142 2170 vehemen-

75 2217 124 2262 ter
137 2205 241 2264 snimae
258 2207 393 2266 circuitus
407 2207 556 2284 quatiunt:
576 2219 606 2264 et
620 2205 771 2264 oimuitum
787 2203 906 2283 quidem
917 2204 999 2262 illum
1012 2203 1141 2282 ejusdem

73 2297 237 2375 similisque
250 2313 359 2358 neturse
380 2300 410 2358 in
428 2300 492 2377 ipso
506 2318 592 2357 eursu
612 2317 731 2376 prorsus
743 2296 921 2375 impedimen
940 2297 1058 2356 alterius
1071 2317 1141 2356 vero

73 2389 231 2450 cimuitum
245 2391 425 2464 distrahunt,
440 2411 533 2469 usque
545 2390 629 2462 odeo,
640 2405 674 2448 ut
687 2390 777 2468 duple
792 2391 840 2448 ille
853 2404 884 2449 et
899 2389 986 2468 tripla
996 2390 1141 2468 utrimque

74 2480 218 2560 disposite
237 2484 387 2544 intervella
402 2485 476 2552 trie,
498 2483 723 2561 medietatesque
750 2496 779 2542 et
799 2483 1009 2560 colligationes,
1028 2483 1140 2560 sesqui-

75 2575 181 2643 tertio,
197 2577 398 2653 sesquialtero,
412 2576 612 2654 sesquioctava
623 2576 735 2634 ratione
747 2574 925 2651 interjectas,
939 2593 1003 2651 quae
1021 2571 1139 2630 dissolvi

74 2666 209 2740 anulio,
233 2667 288 2726 nisi
306 2667 343 2726 ab
366 2687 417 2739 eo,
437 2670 489 2746 qui
513 2667 678 2745 conjunxit,
701 2679 839 2744 possunt,
859 2665 939 2724 omni
952 2664 1139 2724 revolutionis

72 2777 183 2835 genere
196 2772 361 2839 torqueant,
378 2779 534 2838 omnesque
545 2760 691 2818 anfractus
703 2771 733 2816 et
746 2759 898 2816 varietates
913 2755 1043 2824 orbium,
1054 2769 1139 2832 quot·

73 2902 156 2951 textu*
172 2904 237 2952 nulls
262 2917 299 2954 est
325 2915 406 2954 motus
429 2901 586 2968 signifimtio,
629 2902 701 2952 Unde
716 2902 850 2950 Gstskerns
868 2899 899 2948 sd
911 2899 1078 2959 Antoninum,
1094 2900 1137 2950 ttb.

72 2982 144 3046 qnod
168 2983 282 3048 prnolsre
305 2983 396 3049 probet
417 2983 534 3041 Proolns3
561 2994 586 3031 et
629 2983 669 3044 Χ,
685 2981 832 3045 suspicetur,
851 2979 889 3029 vel
909 2979 979 3026 slisnr
994 2980 1138 3044 seriptum

71 3061 241 3110 Tertnliisnns
259 3055 306 3111 bs'e
324 3065 351 3110 in
370 3079 396 3110 re
411 3077 463 3110 non
480 3061 586 3110 fideliter
628 3073 757 3127 sequutum
777 3061 851 3110 fnisse
866 3059 988 3119 Tullium,
1006 3061 1046 3110 vel
1060 3059 1138 3125 (quod

71 3141 248 3203 interpretetus
258 3151 294 3190 ert
304 3141 409 3190 Genesin
420 3143 463 3202 tt,
484 3143 545 3190 vers,
556 3155 585 3202 s,
628 3144 705 3206 nugis
716 3141 833 3203 snmmst)
845 3138 911 3203 spud
919 3140 986 3188 buno
996 3139 1077 3188 vitiem
1087 3155 1137 3188 esse

71 3219 118 3282 qni
137 3219 236 3284 quidem
248 3221 352 3272 Tmou.
366 3237 418 3270 non
427 3221 585 3284 megasium
628 3219 906 3284 verbs;.leqendnrnqne
922 3219 1014 3268 «snind
1027 3219 1104 3268 divini
1115 3241 1136 3267 n.

71 3296 237 3362 philosophos
252 3297 306 3347 -fide
327 3299 415 3363 dignus
435 3309 486 3357 est,
510 3313 584 3360 qnutn
629 3303 692 3350 Vere
707 3301 737 3349 sd
752 3298 1137 3362 Plutonemsedpotnit'l'nllius
1156 3341 1159 3347 .

72 3375 122 3423 sibi
140 3377 219 3424 Denrn
234 3378 314 3442 ipsum
331 3377 482 3443 eorporslern
497 3391 585 3440 reprae·
630 3379 713 3428 dativo
734 3395 781 3444 pro
801 3379 908 3443 genitivo
932 3393 989 3425 nsns
1012 3378 1086 3426 fnisse
1109 3389 1137 3426 ut

72 3465 160 3504 sentet.
188 3458 267 3519 Quem
295 3457 350 3505 vide
374 3457 489 3505 adversm
516 3458 586 3504 Pru.
630 3475 689 3507 mox
698 3461 723 3506 in
733 3457 938 3508 Anteia-tinio
947 3473 1053 3506 nonnus
1061 3455 1136 3505 rnodo

72 3549 127 3597 esp.
141 3551 164 3596 q.
179 3535 286 3584 mu.
631 3549 705 3602 eaput
728 3553 817 3587 omens
841 3536 907 3586 stelle
935 3537 1063 3598 relnest·;
1089 3553 1136 3602 pro

95 3620 135 3669 ’4.
160 3613 252 3661 Amisso
269 3613 350 3662 diuiso
366 3613 470 3662 ambitus
488 3611 581 3677 ilhkad.
626 3615 707 3683 tejas.
722 3619 806 3667 Geor.

72 3690 213 3740 Gbslts'dins
234 3685 291 3756 pro
303 3707 334 3740 eo
355 3691 457 3740 seribit:
478 3692 582 3755 aitsqns
664 3695 688 3744 5.
701 3695 881 3763 Illir'nflussen
893 3695 1006 3744 irnmersr'.
1023 3693 1135 3744 hmbin.

73 3779 195 3834 sppsrstte
213 3771 319 3820 meteriis
332 3772 448 3820 eironitns
462 3771 583 3818 immons·
627 3773 741 3835 volebst,
759 3774 858 3822 -511itn
871 3774 961 3822 flnmen
981 3775 1066 3838 ingens
1088 3775 1134 3820 irn-

73 3849 103 3896 lis
114 3849 202 3898 minse
215 3850 415 3913 obeunligsbsnt
427 3851 519 3913 irriguo
531 3849 585 3897 dni·
628 3854 699 3902 mersi
708 3875 729 3902 ι.
745 3853 804 3903 Ser.

73 3925 155 3990 doque
169 3930 296 3992 eorporis.
306 3931 362 3994 lpse
375 3928 464 3977 Pluto:
480 3926 526 3989 τὰς
540 3931 584 3988 τῆς
664 3933 689 3980 6.
701 3931 860 3980 Proeedsbat.
869 3933 932 3993 Qnre
945 3931 1086 3991 desunt,ex
1098 3930 1135 3975 tt-

75 4005 197 4058 ἀθανάτου
213 4007 289 4075 We
305 4002 431 4077 περιόδους
444 4003 539 4060 ividem
552 4009 584 4068 sic
629 4009 678 4057 cini
695 4009 806 4058 versione
824 4008 977 4074 supplemus,
996 4016 1025 4054 nt
1047 4011 1135 4058 servsri

75 4083 199 4156 ίπίρῥυτον
231 4093 323 4158 eisne,
363 4085 405 4140 tet
443 4087 583 4158 ἀπόῤῥυτον.
629 4089 705 4153 possit
715 4088 885 4139 sententiarum
897 4089 1044 4138 consecutio.
