2744 4684
267 365 1323 392 mmmmm

550 577 982 683 EXCURSUS
1024 579 1048 682 Ι

482 770 786 828 statuminum,
807 771 1117 837 Aua.1‚ti1›.11,§18:

291 909 390 966 Visum
411 909 582 983 impressum
597 905 777 983 ffcmmqne
792 925 831 963 ea·
845 925 877 964 eo
894 907 972 964 unde
984 919 1076 974 esset,
1093 911 1186 984 quale
1201 925 1262 966 esse
1271 929 1320 965 non

569 1015 670 1079 posset
683 1001 722 1060 τὲ
734 1021 769 1060 eo
781 1005 857 1062 unde
869 997 928 1060 non
939 1016 1022 1060 esset.

384 1115 391 1148 t

656 1173 943 1204 -οομυ-

309 1351 411 1417 Chm.
425 1350 580 1432 Garvius,
593 1349 642 1414 vir
651 1349 920 1437 sapientissimus,
933 1349 969 1413 in
983 1348 1110 1416 dissert.
1126 1350 1191 1416 «de
1206 1355 1321 1418 ratione

264 1453 426 1524 scribendi
440 1453 606 1519 historiam
619 1453 859 1542 philosophiaen,
875 1453 963 1542 Lips.
975 1453 1075 1541 1768,
1086 1457 1180 1538 in·4,
1192 1457 1240 1521 sic
1251 1458 1324 1522 hauc

264 1585 284 1629 a
299 1566 431 1628 Zenone
441 1559 568 1626 allatam
584 1561 649 1624 visi
662 1558 874 1648 comprehensi
890 1557 1112 1624 definitionem
1129 1559 1288 1628 illustrat:

309 1699 322 1725 α
333 1669 383 1734 Ex
397 1665 581 1732 Stoicorum
600 1663 756 1754 loquendi
772 1688 835 1730 usu
851 1681 1001 1754 apparet,
1018 1671 1127 1732 vuum
1139 1691 1211 1733 esse
1228 1667 1325 1750 idem,

264 1773 355 1865 quod
379 1769 466 1864 apud
487 1769 595 1836 Gallos
619 1775 803 1854 sensatum
820 1771 914 1850 cujus
936 1771 1086 1837 vocabuli
1107 1775 1156 1839 vis
1182 1775 1245 1840 alia
1266 1793 1323 1855 est,

263 1903 362 1969 quam
378 1899 497 1944 vocum
510 1899 601 1960 sens,
614 1892 647 1942 et
663 1877 848 1959 sentiment;
863 1901 938 1942 nam
956 1877 1115 1970 significat
1129 1881 1177 1944 rei
1194 1897 1325 1946 externe

261 1986 457 2074 imaginem,
471 2005 626 2049 sensuum
636 1981 874 2071 impulsioneac
883 1999 976 2049 motu
992 1985 1025 2048 in
1033 1987 1141 2050 auimo
1149 1987 1325 2052 excitatam.

261 2093 343 2158 Haec
360 2091 469 2180 itaque
493 2089 652 2154 sententia
668 2111 772 2178 quum
790 2089 896 2154 subsit
911 2090 955 2155 illi
971 2092 1147 2177 vocabulo,
1164 2093 1325 2160 videamus
1353 2131 1354 2140 κ

262 2192 347 2276 jam,
366 2207 525 2280 quantum
542 2213 647 2280 operae
660 2190 702 2255 sit
715 2212 734 2254 a
748 2189 861 2255 Stoicis
878 2193 1023 2282 positum
1039 2191 1073 2256 in
1090 2215 1146 2278 co,
1164 2211 1224 2271 ut,
1242 2196 1325 2286 quod

262 2318 377 2361 omnes
400 2294 644 2384 pronuntiando
661 2294 712 2358 vel
732 2293 895 2360 audiendo
916 2295 971 2361 illo
990 2297 1147 2364 vocabulo
1171 2303 1325 2392 intellige·

263 2417 353 2480 rent,
378 2399 414 2465 id
441 2399 547 2464 verbis
574 2398 788 2483 declararent,
812 2417 847 2466 et
867 2400 1056 2468 delinitione
1083 2405 1324 2473 concluderent.

263 2507 391 2575 Primus
408 2505 518 2593 Zeno(
524 2503 552 2593 ι)
570 2507 675 2570 vuum
693 2503 836 2572 definivit
852 2529 921 2573 esse
937 2521 1047 2578 τύπωσιν
1060 2521 1083 2574 ts
1098 2521 1172 2592 ψυχῇ·
1191 2515 1323 2579 formam

263 2614 354 2705 quasi
371 2613 510 2701 aliquam
534 2611 722 2701 impressam
749 2615 869 2680 animo.
893 2617 1048 2700 Animus,
1069 2635 1118 2686 cst
1133 2619 1225 2708 apud
1242 2619 1326 2686 huuc

262 2736 430 2786 auctorem
448 2717 561 2782 Stoicae
583 2716 775 2807 disciplinae,
792 2721 812 2784 i.
830 2742 861 2808 q.
878 2721 967 2810 apud
985 2739 1159 2790 sectatores
1174 2737 1324 2808 ἡγιμιαόν.

263 2831 353 2893 Zeno
368 2825 479 2914 itaque
486 2825 598 2888 volens
612 2821 647 2888 id
657 2823 833 2913 explicare,
843 2824 933 2914 quod
945 2827 978 2890 in
991 2850 1051 2893 suo
1066 2830 1208 2920 quisque
1220 2835 1324 2898 animo

263 2931 332 2998 fieri
345 2931 460 3012 sentit,
474 2951 541 3020 quo
558 2945 704 3019 tempore
719 2929 826 2995 oblata
842 2930 874 2996 ei
889 2955 940 2997 res
954 2950 1086 3000 externa
1100 2959 1219 3002 sensus
1231 2939 1324 3028 ipsius

263 3051 393 3120 movet,
426 3056 533 3123 neque
548 3033 671 3099 habens
690 3034 858 3124 quomodo
877 3035 969 3102 illum
986 3061 1117 3103 sensum
1133 3045 1269 3132 proprie
1285 3046 1324 3109 si·

262 3127 446 3233 gnilicaret,
472 3139 620 3229 confugit
645 3139 685 3204 ad
707 3137 968 3227 similitudinem,
998 3145 1119 3224 atejus
1143 3149 1211 3230 rei,
1239 3152 1323 3231 cujus

263 3249 401 3338 quisque
417 3267 548 3312 sensum
561 3245 711 3328 haberet,
724 3245 804 3310 dixit
815 3246 848 3310 in
866 3249 1052 3330 ejusanimo
1062 3251 1225 3340 picturam
1238 3255 1324 3345 quasi

230 3350 235 3361 '
264 3352 457 3441 quamdam,
472 3366 530 3416 aut
545 3351 675 3440 signum
692 3351 744 3415 tel
760 3350 967 3418 simulacrum
983 3353 1093 3445 effingi
1118 3356 1175 3445 (cf.
1187 3361 1325 3426 Zwanti·

264 3458 333 3548 geri
348 3473 414 3522 not.
431 3479 463 3546 p.
481 3457 541 3524 128
554 3473 587 3522 et
603 3453 663 3536 145
672 3505 681 3535 ,
694 3455 753 3520 ubi
771 3475 883 3522 contra
900 3459 1025 3525 Stoicos
1041 3462 1252 3532 Academiam
1265 3491 1324 3533 no·

263 3585 336 3629 vam
352 3561 485 3649 tuetur).
498 3591 512 3618 ι

307 3666 480 3734 Historiam
502 3660 587 3731 illius
605 3663 802 3731 definitionis
827 3667 961 3734 ulterius
981 3673 1191 3760 persequitur
1208 3675 1322 3758 Gerre,

261 3794 295 3840 et
308 3795 385 3838 mox
399 3771 503 3862 pergit
512 3793 519 3836 t
528 3803 541 3828 «
552 3771 669 3855 Nunc,
683 3770 763 3861 quid
779 3773 821 3836 sit
836 3778 899 3838 visi
912 3777 1125 3864 comprehensi
1134 3785 1322 3872 proprium,

261 3879 436 3946 videamus.
465 3877 500 3940 V
495 3881 589 3958 uuna,
615 3878 662 3942 ait
681 3880 793 3943 Cicero
812 3877 928 3945 dixisse
945 3883 1132 3966 Zenonem,
1155 3911 1198 3951 ex
1213 3913 1251 3954 co
1267 3916 1323 3956 ex·

295 4080 335 4148 (a)
345 4079 405 4132 Vid·
416 4080 484 4130 Sext.
497 4077 571 4141 EmP·
583 4078 673 4144 Pyrrh.
687 4083 755 4145 Hyp.
765 4080 808 4130 lib.
819 4081 857 4142 ll,
871 4097 894 4131 c.
907 4099 933 4144 7,
949 4093 1008 4133 sect.
1019 4085 1085 4145 aad,
1095 4086 1138 4138 ed.
1153 4087 1248 4138 Falaris.
1351 4049 1352 4090 l
