2744 4684
269 415 339 509 374
599 415 647 482 u.
674 415 712 482 r.
740 411 989 484 cronacum

267 557 329 606 seo
347 533 491 606 videant
502 544 532 578 ¹¹
550 561 558 605 ε
579 558 598 604 a
618 559 675 604 me
693 536 795 605 istam
814 533 1064 630 exceptionem
1077 542 1106 573 ¹²
1130 555 1328 628 numquam

266 643 522 743 impetrabunt.
547 649 686 718 Etenim
715 667 829 742 quum
854 643 901 716 ab
928 643 1107 740 Epicuro,
1132 645 1197 739 qui
1217 649 1327 712 totam

267 753 485 826 dialecticam
519 769 555 826 et
585 758 803 841 contemnit,
835 769 871 826 et
904 749 1084 841 irridet¹³,
1111 777 1187 822 non
1214 753 1326 848 impe·

268 861 417 954 trent14,
436 880 477 935 ut
495 889 620 936 verum
638 889 715 936 esse
732 864 926 952 concedat,
946 863 1046 962 quod
1062 865 1110 934 ita
1127 859 1326 950 effabimur,

267 1005 284 1040 tt
297 978 371 1046 Aut
394 979 489 1046 vivet
512 999 589 1046 cras
608 974 851 1061 Hermarchus,
868 988 930 1045 aut
952 997 1028 1046 non
1046 973 1192 1044 vivete:
1216 997 1324 1069 quum

181 1085 183 1094 ’
268 1085 442 1158 dialectici
455 1089 505 1158 sic
518 1100 694 1173 statuant,
710 1109 841 1175 omne,
855 1082 954 1182 qnod
968 1086 1017 1155 ita
1032 1083 1252 1179 disjunctum
1267 1084 1325 1168 sit,

268 1198 389 1293 quasi,
407 1201 637 1283 «autetiam,
656 1211 719 1266 aut
735 1221 854 1280 non»,
874 1220 949 1267 non
968 1192 1077 1266 modo
1093 1219 1218 1266 verum
1238 1217 1325 1274 esse,

268 1307 332 1378 sed
361 1309 467 1378 etiam
497 1308 762 1378 necessarium:
787 1304 894 1393 vide,
923 1330 1032 1404 quam
1060 1307 1108 1378 sit
1130 1319 1257 1376 cautus
1279 1307 1325 1385 ie,

268 1441 377 1514 quem
403 1418 462 1488 isti
487 1416 630 1489 tardum
660 1414 846 1516 putant¹⁵.
872 1417 907 1486 Si
928 1419 1044 1503 enim,
1062 1416 1201 1512 inquit,
1226 1414 1323 1486 alter·

308 1687 349 1721 rr.
373 1670 499 1720 Tn'bunum
513 1671 619 1736 aliquem
638 1687 724 1722 censeo
742 1670 781 1720 ui·
823 1667 1324 1732 meutaooutemuis,inlaaopartellpieu-

270 1751 357 1799 deaut.
368 1750 450 1816 Vulgo
464 1751 564 1801 adeant.
578 1751 626 1800 Sed
640 1752 670 1799 fr.
685 1751 741 1799 eod.
757 1760 781 1798 et
824 1766 893 1809 rena,
909 1761 955 1796 etc.
965 1770 977 1790 ι·
993 1749 1026 1796 li.

271 1829 320 1878 Erl.
335 1829 399 1876 clare
411 1829 530 1888 videant,
547 1830 615 1894 quod
627 1830 699 1878 etiam
708 1831 779 1877 Grut.
863 1836 904 1882 rt.
919 1827 958 1874 Ab
969 1825 1115 1890 Epicuro...
1129 1839 1179 1872 non
1192 1825 1323 1890 impetrent,

272 1910 298 1956 iu
311 1908 364 1956 Pel.
383 1925 398 1956 a
418 1919 442 1956 et
456 1909 539 1958 Daris.
550 1910 576 1956 in
588 1906 674 1957 Baliol.
689 1924 782 1976 repere·
825 1920 945 1956 utoensm
955 1921 1007 1954 esre
1021 1903 1167 1954 concedat...
1183 1917 1228 1952 net
1239 1923 1264 1954 v.
1277 1921 1323 1951 erm

273 1998 324 2046 rat,
335 1987 421 2036 edente
430 1988 466 2036 sie
476 1987 569 2036 dudunt
577 1988 706 2046 Victorio,
718 1990 782 2038 Gro-
825 1989 859 2036 Η.
879 1997 924 2034 ant
941 2002 990 2034 non
1006 1986 1079 2034 vivet.
1097 1985 1172 2036 Conf.
1187 1986 1272 2050 Topie.
1285 1993 1322 2037 ri.

273 2067 467 2130 novioqueidem
475 2070 686 2130 reponente.Dav.
695 2066 783 2117 deinde
828 2067 870 2116 56.
883 2065 930 2114 Sed
944 2065 1112 2114 commentarii
1124 2065 1181 2112 loeo
1195 2066 1243 2112 huc
1259 2063 1322 2128 perti·

273 2144 299 2191 id
311 2145 358 2193 lrac
372 2145 402 2192 de
416 2161 488 2194 cansa
499 2147 595 2207 rejecit,
612 2146 680 2210 quod
691 2146 786 2194 adeant
826 2156 867 2194 net
877 2145 971 2193 locuta
985 2146 1085 2194 Davisio
1097 2145 1146 2205 jam
1160 2145 1259 2204 allatus,
1273 2144 1321 2192 Nat.

273 2224 415 2272 latinissime
430 2225 538 2284 dicatum
560 2225 590 2273 de
609 2224 707 2273 alterius
724 2215 783 2274 rerd
826 2227 903 2273 Deor.
916 2223 960 2270 lib.
973 2225 1012 2282 11,
1026 2221 1074 2282 ²5,
1099 2238 1151 2286 70:
1172 2245 1184 2267 ι
1198 2224 1264 2272 Idem
1276 2222 1322 2268 lacit

274 2303 356 2352 formae
364 2321 412 2352 usu
420 2320 471 2352 uon
480 2315 584 2353 constet.
594 2305 623 2351 In
632 2305 784 2368 quoacquie·
826 2299 967 2366 (Epicurus)
979 2313 1064 2350 contra
1075 2300 1216 2350 dialecticos
1231 2316 1237 2349 :
1250 2319 1264 2350 a
1279 2300 1322 2364 qui·

275 2398 329 2430 vere
349 2392 372 2430 et
390 2385 484 2432 Ernest.
499 2394 524 2432 et
540 2383 635 2448 reliqui.
651 2382 699 2431 Sed
715 2384 784 2434 facile
826 2385 872 2433 bus
886 2402 962 2450 quum
976 2385 1091 2433 traditum
1108 2388 1158 2446 eit,
1178 2387 1206 2434 iu
1224 2383 1321 2434 ominbus

274 2460 426 2526 intelligitur,
434 2463 527 2510 adeant
535 2462 610 2526 magis
620 2477 652 2509 ex
664 2461 781 2518 videant,
827 2465 1044 2526 disiunctionibus,
1062 2467 1088 2514 in
1102 2465 1193 2532 quibus
1202 2479 1244 2515 aut
1252 2467 1321 2516 uiam.

275 2555 346 2602 quam
371 2558 439 2590 versa
461 2543 530 2602 vice,
553 2553 633 2590 ortum
654 2541 740 2589 videri.
759 2543 784 2589 Si
826 2556 868 2593 aut
889 2561 954 2602 nou,
976 2557 1121 2609 poneretur,
1140 2546 1277 2594 alterutrum
1291 2559 1321 2589 tt·

275 2619 339 2666 enim
356 2620 461 2668 videant
477 2620 502 2668 lr.
521 2621 537 2669 l.
552 2619 707 2668 commodum
727 2637 784 2667 sen·
827 2641 880 2672 rum
892 2639 954 2674 esse:
964 2626 1098 2687 pertimuit,
1107 2641 1155 2685 ne,
1166 2628 1320 2674 siconeestum

275 2713 329 2744 sum
346 2699 453 2762 prabet,
471 2715 575 2762 eumque
588 2698 618 2746 ab
631 2699 785 2746 librariorum
827 2715 890 2752 „set
911 2704 1051 2765 hujusmodi
1078 2706 1188 2770 aliquid,
1209 2717 1251 2754 aut
1269 2704 1320 2750 viret

276 2788 349 2843 captu
361 2777 513 2826 remotiorem
522 2793 531 2840 ς
541 2793 591 2826 non
602 2777 662 2826 levis
669 2779 719 2839 jam
728 2778 786 2826 inde
828 2801 895 2844 crae,
907 2796 949 2832 aut
961 2801 1013 2834 non
1024 2787 1090 2834 vivet
1101 2786 1235 2850 Epicurus,
1251 2785 1321 2833 altem·

277 2853 431 2903 subnascitur
444 2867 528 2904 contra
540 2857 602 2904 illud
613 2857 729 2922 suspicio.
740 2861 771 2906 G.
828 2875 892 2912 trum
907 2863 975 2912 lieret
987 2867 1146 2914 neceesarium
1161 2881 1168 2914 :
1187 2875 1262 2914 totum
1273 2864 1320 2910 lmc.

315 2951 354 2982 aa.
365 2938 390 2983 A
401 2951 439 2981 me
449 2933 521 2982 istem
530 2936 702 3000 exceptionem.
712 2937 738 2985 si
747 2938 787 2984 cui
829 2955 871 2992 {ut
884 2944 970 3004 etiam,
981 2954 1023 2991 ant
1041 2960 1106 3004 non,
1120 2945 1219 3010 negavit
1235 2960 1280 2992 esee
1291 2957 1319 2988 ue·

278 3015 429 3078 magistratus
441 3013 472 3062 ab
486 3031 511 3061 re
524 3014 604 3078 aliqua
619 3017 787 3079 exceptionem
829 3021 957 3070 cessarium
967 3043 989 3071 n.
1007 3022 1099 3078 Causa,
1118 3038 1162 3070 our
1174 3023 1200 3070 id
1212 3021 1251 3070 ille
1263 3035 1320 3082 uege-

278 3104 408 3156 uegaeent,
429 3093 497 3158 isque
513 3093 635 3140 tribunum
649 3093 728 3160 plebis
741 3094 787 3142 ali·
829 3111 878 3159 ret,
900 3110 928 3148 ut
939 3099 1005 3147 idem
1018 3100 1102 3148 Davis.
1111 3100 1190 3160 vidit,
1203 3095 1320 3164 legiturdt

279 3186 350 3232 quem
368 3173 519 3231 invocasset,
533 3173 574 3220 hic
585 3174 611 3219 in
625 3173 697 3220 rebus
711 3173 789 3220 mino·
830 3179 889 3227 Fero
898 3193 946 3242 ,9‚
960 3195 1005 3242 ις,
1023 3196 1091 3244 seqq.
1104 3181 1195 3228 veritus
1206 3183 1267 3228 enim
1279 3187 1319 3232 est,

280 3247 437 3299 rismomeuti
451 3262 535 3317 suapte
548 3252 589 3310 vi,
606 3251 633 3298 in
646 3253 676 3299 iis
689 3254 787 3313 majoris
830 3274 876 3319 ue,
896 3258 944 3306 lroe
961 3273 1090 3318 concesso,
1104 3260 1187 3308 omnia
1205 3259 1253 3308 lato
1268 3257 1319 3310 lieri.

280 3338 358 3374 autem
373 3345 416 3392 per
428 3333 546 3396 populum
564 3332 731 3396 exceptionem
745 3332 788 3381 da·
830 3337 983 3385 concederet.
996 3339 1029 3386 G.

280 3403 335 3462 bat;
348 3409 416 3470 quod
429 3411 547 3472 posterius
559 3409 710 3476 privilegium
724 3410 789 3458 dice·
869 3417 909 3466 15.
925 3416 997 3475 Vide,
1006 3416 1122 3480 quamsit
1132 3429 1218 3466 caenis
1229 3417 1319 3480 laquem

280 3482 360 3532 batur.
378 3485 410 3532 G·
831 3493 872 3542 isti
882 3495 980 3542 tardum
986 3506 1086 3558 putant.
1097 3495 1137 3544 Sic
1150 3513 1234 3545 omnes
1246 3507 1267 3544 et
1279 3493 1321 3542 scti-

321 3563 359 3610 13.
380 3563 426 3626 Qui
435 3575 522 3615 totam.
531 3567 651 3617 ..irridet
661 3569 716 3616 Hoc
729 3567 788 3631 Epi·
831 3574 887 3638 pti,
910 3586 934 3622 et
946 3586 1017 3626 vetut
1032 3574 1102 3624 editi.
1113 3574 1161 3624 Sed
1171 3592 1245 3640 quum
1254 3571 1319 3622 tamb-

282 3655 342 3688 curo
362 3657 425 3706 saepe
442 3645 501 3692 vitio
518 3648 590 3694 vertit
608 3646 709 3695 Tullius.
725 3645 804 3694 Vide
831 3653 903 3716 ideo,
916 3653 985 3718 quod
1005 3665 1091 3704 cautus
1109 3670 1161 3704 non
1183 3649 1320 3706 resteterit

283 3719 313 3768 de
325 3719 377 3770 Fir.
387 3719 431 3767 lib.
440 3723 466 3784 1,
476 3740 506 3784 73
519 3725 543 3771 11
555 3757 562 3784 ,
584 3727 610 3774 6.
623 3727 695 3790 Diog.
708 3727 787 3774 Laert.
830 3745 1005 3798 oppoueretnr,
1016 3743 1086 3781 catus
1100 3735 1249 3796 conjecisset,
1257 3731 1320 3780 Daris.

281 3799 324 3850 lib.
335 3801 369 3859 X,
386 3797 401 3864 S
418 3801 463 3854 31:
477 3802 519 3858 τὴν
537 3797 566 3856 di
581 3799 735 3861 διαλεκτικὴν
755 3808 787 3865 ὥς
832 3823 856 3860 et
875 3815 935 3860 Em.
954 3827 1010 3860 curn
1029 3812 1128 3877 reliquis
1147 3813 1182 3862 aio
1204 3813 1319 3862 ediderunt·

281 3882 448 3952 neptitatem
466 3875 686 3952 ἀποδικιμάζουσιν
701 3888 789 3952 Epicu·
833 3889 881 3938 Sed
895 3902 963 3940 certo
982 3906 1070 3938 errore.
1088 3891 1151 3938 Nam
1171 3892 1268 3958 primum
1284 3889 1320 3934 11⁰⁶

280 3962 324 4010 rei.
340 3962 441 4010 Hieron.
454 3961 481 4007 iu
493 3959 576 4008 Rufin.
587 3961 630 4009 lib.
646 3965 673 4025 1,
690 3981 715 4028 p.
731 3965 787 4014 500.
832 3970 890 4018 loeo
903 3981 990 4019 auctor
1002 3971 1157 4034 Epicurum,
1175 3987 1225 4020 non
1244 3981 1320 4020 muru,

284 4043 308 4089 tt.
325 4040 469 4104 «Quoniam
481 4039 557 4086 Stoici
566 4039 667 4102 logicam
682 4043 727 4090 sibi
737 4045 789 4092 vin·
834 4047 876 4096 aed
889 4061 988 4096 cautum
1001 4049 1099 4108 laudat,
1121 4051 1213 4116 quippe
1231 4049 1269 4114 qui
1285 4045 1320 4094 sili

283 4118 380 4180 dicant,
401 4131 425 4167 et
446 4128 471 4166 tu
493 4117 567 4176 liujus
584 4117 689 4166 scientiae
706 4121 791 4172 delira-
836 4128 1000 4194 prospiceret,
1020 4143 1050 4176 ue
1065 4127 1091 4178 iu
1111 4127 1154 4177 sati
1168 4127 1276 4178 incideret
1287 4141 1319 4172 ne·
