2784 4662
79 429 960 455 ΜΜΜΜΜΜΜΜΜΜΜΜΜΜΜ
965 429 1150 451 mmmm

294 659 935 821 PRAEFATIO.

475 987 763 1018 -ιιοου--ι

80 1182 138 1301 In
154 1223 224 1296 hac
251 1221 532 1296 Paradoxorum
554 1222 713 1296 editione
736 1222 833 1296 illam
859 1224 1040 1324 praeoipuc
1068 1221 1146 1295 edi-

79 1337 218 1406 tionem
238 1335 384 1430 sequuti
406 1357 530 1405 sumus
549 1359 660 1432 quam
681 1337 769 1433 Aug.
792 1331 917 1407 Gotth.
937 1331 1147 1423 Gernhard,

78 1445 255 1540 gymnasii
282 1441 527 1540 Fribergensis
555 1460 701 1536 rector,
730 1447 860 1544 Lipsiae
886 1440 988 1517 dedit
1028 1441 1148 1544 (apud

78 1549 253 1625 Gerhard.
266 1553 456 1625 Fleischer.
465 1554 544 1648 jun.
559 1555 682 1655 1819),
694 1581 767 1628 una
782 1579 865 1628 curn
884 1561 932 1628 M.
945 1561 985 1628 T.
1002 1559 1146 1629 Cicero-

77 1665 135 1734 nis
151 1662 246 1735 libro
263 1663 310 1736 de
328 1669 529 1738 Senectute.
552 1671 633 1766 Ipse
651 1681 778 1738 monet
796 1671 834 1738 in
853 1691 918 1738 sua
935 1665 1147 1766 praefatione

76 1799 115 1846 se
130 1777 203 1846 Jac
224 1773 411 1846 Faccioiati
432 1773 597 1848 scholia
588 1792 729 1876 integra
750 1801 928 1866 servasse,
950 1774 1081 1848 additis
1101 1773 1147 1848 de

76 1909 145 1956 suo
165 1887 219 1955 eis
236 1910 316 1983 quae
332 1900 410 1956 turn
426 1885 497 1958 loci
518 1885 694 1986 cujusque
712 1889 804 1959 ratio
822 1885 918 1986 apud
940 1911 1004 1960 eos
1020 1888 1146 1983 requi-

74 2008 192 2081 reret,
210 1996 291 2091 qui,
309 2021 383 2067 non
406 1995 513 2096 plane
534 1995 643 2070 rudes
662 2011 698 2068 et
717 1998 893 2095 imperiti,
920 2021 986 2068 suo
1006 1993 1146 2090 judicio

74 2107 179 2175 usuri
194 2105 232 2174 in
249 2105 304 2176 his
317 2105 429 2178 literis
444 2122 581 2196 essent;
600 2121 679 2179 tum
696 2107 1002 2206 interpretationis
1018 2107 1148 2178 veritas

45 2238 52 2250 ¹
75 2215 236 2312 artisque
250 2215 378 2288 criticae
393 2241 480 2288 usus
494 2215 538 2289 ad
555 2217 719 2288 lectionis
738 2214 1001 2294 constituendae
1015 2213 1147 2316 proba·

75 2323 253 2396 biiitatem
272 2323 339 2422 pro
357 2324 600 2398 subsidiorum
616 2341 825 2424 paratorum
843 2327 1033 2426 ipsiusque
1045 2325 1147 2422 inge·

75 2437 128 2506 nir
118 2435 295 2508 'modulo
308 2436 492 2535 flagitaret.
508 2438 703 2509 Ceterum'
694 2439 806 2536 ipsius
821 2433 930 2508 verba
946 2429 1146 2508 exscribam

74 2572 120 2618 ex
142 2543 351 2646 praefatione
378 2572 451 2646 qua
481 2547 589 2620 simul
616 2545 661 2620 de
688 2553 881 2619 Senectute
907 2543 1014 2618 etde
1039 2550 1146 2616 Para·

74 2653 182 2729 doxrs
193 2656 351 2748 dissent
362 2683 403 2730 ea
410 2673 609 2756 ‚quantum
622 2657 703 2732 fieri
714 2658 859 2758 potent
869 2655 1147 2755 praetcrmittens

74 2793 157 2866 quae
185 2765 231 2838 ad
249 2713 368 2840 soiurh
387 2767 521 2840 librum
547 2767 593 2840 dc
614 2773 805 2840 Senectute
827 2767 1020 2874 pertinent.

123 2879 317 2976 «Uterque
340 2871 525 2951 Ciceronis
543 2875 681 2965 liber,
671 2901 770 2976 rpse
767 2877 917 2974 inquit,
941 2878 1038 2948 visus
1056 2873 1146 2946 mihi

73 3004 130 3062 est
171 3012 247 3060 non
286 3003 425 3061 curtam
468 2985 662 3060 lectionum
702 2988 882 3058 variarum
919 2985 1146 3056 notationem

73 3113 310 3197 exspectare,
341 3123 456 3196 quum
487 3113 570 3197 post
599 3100 820 3170 Graevianam
846 3094 1045 3170 editionem
1071 3101 1145 3172 Joc.
1214 3174 1226 3189 ,

72 3209 297 3282 Facciolatus
321 3213 406 3282 satis
423 3207 606 3282 habuisset
629 3211 661 3281 ei
689 3207 854 3296 lectioni,
872 3233 953 3307 quae
971 3206 1041 3306 ipsi
1058 3231 1144 3306 prof

72 3319 245 3409 baretor,
267 3321 348 3408 hic,
367 3319 439 3392 iilic
466 3345 577 3393 unam
600 3317 776 3392 duntaxat
799 3317 856 3390 vel
881 3317 1031 3390 alteram
1058 3315 1145 3390 reli·

73 3455 232 3532 quarum
253 3430 452 3504 lectionum
472 3444 536 3502 aut
560 3431 828 3504 correctionum
849 3451 1046 3528 apponere.
1072 3429 1145 3499 Ne·

72 3565 148 3642 que
180 3546 236 3613 Jo.
264 3541 353 3638 hug.
390 3541 531 3614 Ernesti
564 3539 611 3612 ad
646 3540 713 3614 hos
748 3536 861 3612 libros
896 3534 1145 3610 emendandos

71 3652 264 3740 attulerat,
290 3668 469 3750 quantum
495 3665 655 3751 poterat,
683 3653 712 3721 si
740 3649 814 3722 suis
844 3649 959 3748 copiis
988 3647 1042 3720 uti
1068 3647 1144 3746 pla-

72 3763 219 3836 cuisset.
244 3763 412 3861 Denique
433 3769 487 3836 Jo.
511 3761 597 3835 Chr.
617 3758 711 3832 Frid.
729 3759 866 3832 Wetzel
884 3784 957 3832 suae
975 3755 1148 3839 editionis,

72 3899 144 3946 usu
165 3872 211 3946 ad
232 3873 441 3946 historicam
470 3873 600 3945 criticae
626 3873 710 3946 artis
733 3885 876 3971 partem
903 3871 1039 3940 tirones
1067 3890 1143 3937 ma-

72 3985 159 4074 luit,
176 4009 286 4083 quam
310 3983 355 4058 ad
382 3991 650 4083 grammaticam
676 3981 867 4056 deducere.
892 3985 1004 4054 Erant
1023 3990 1145 4070 antem

74 4096 155 4169 Aidi
176 4099 329 4169 Manutii
345 4103 382 4169 Ρ.
403 4103 439 4168 F.
454 4102 494 4170 A.
509 4101 556 4169 N.-
572 4123 648 4170 non
670 4109 744 4168 tam
767 4092 1045 4194 explicationes,
1064 4112 1162 4186 quac⁸¹
