2784 4666
524 399 714 468 TIMAEUS.
991 399 995 408 ’
1075 399 1147 496 6119

83 518 181 590 modi,
196 539 229 576 ac
246 537 300 596 pro
316 519 374 576 loci
392 517 557 576 diversitate
577 517 773 596 unusquisque
791 501 885 576 varias
904 521 1012 596 species
1028 536 1146 602 generat

83 616 265 675 difficultatis
284 627 370 693 atque
388 615 539 690 molestiae,
561 616 686 674 audaciae
703 635 802 674 rursus
820 615 1050 694 timiditatisque‚
1072 619 1146 678 obli·

82 708 180 766 vionis
201 720 340 787 praeterea
351 709 440 784 'atque
454 705 645 765 hebetudinis.
668 711 751 786 Saepe
765 708 849 766 etiam
867 707 902 766 ad
924 727 1046 785 pravum
1067 711 1146 768 lrunc

82 811 285 877 corporaturas
297 810 327 857 et
341 799 501 857 affectionis
513 797 643 858 habiturn
659 798 800 858 accedunt
813 819 908 857 mores
919 799 1042 858 civitatis
1050 800 1146 879 iniqui

83 909 291 968 sermonesque
306 903 336 948 et
353 890 460 969 privati
481 901 510 948 et
528 889 640 968 publici
660 911 719 948 non
741 910 845 968 parum
865 891 962 950 animo
982 891 1075 964 noxii5
1092 912 1146 950 nec

83 982 154 1040 ullae
165 980 304 1040 doctrinae
312 981 348 1039 ad
356 994 501 1040 tantorum
512 983 653 1040 malorum
667 980 792 1040 remedia
804 995 927 1040 atenera
938 995 1022 1064 astate
1032 982 1146 1040 discun-

82 1089 153 1132 tur:
168 1085 254 1150 atque
266 1073 321 1146 ita,
334 1074 508 1151 quicumque
522 1085 652 1132 nostrum
665 1076 748 1152 pravi
762 1089 845 1144 sunt,
859 1073 972 1133 duabus
988 1095 1024 1132 ex
1037 1077 1145 1146 causis,

83 1177 194 1244 praeter
206 1165 383 1223 voluntatem
397 1165 519 1222 maxime
531 1165 770 1243 contingentibus,
783 1167 866 1244 pravi
879 1167 968 1224 liunt:
981 1166 1146 1243 hujusmodi

82 1257 205 1335 quidem
225 1258 366 1316 malornm
388 1277 480 1316 causae
503 1257 664 1316 serentibus
685 1259 781 1335 potius
798 1278 885 1335 quam
900 1259 983 1327 satis,
995 1259 1146 1318 educanti-

82 1353 143 1412 bus
158 1373 244 1430 quam
259 1353 403 1426 educatis,
414 1351 629 1411 attribuendas:
648 1353 812 1412 conandum
832 1365 925 1411 tamen
946 1373 1001 1432 pro
1020 1353 1146 1424 viribus,

82 1445 282 1518 educationis,
304 1445 480 1516 studiorum,
496 1444 693 1503 doctrinarum
707 1445 853 1523 diligentia
870 1444 1083 1523 improbitatem
1098 1467 1147 1505 re-

79 1539 190 1616 jicere,
207 1539 320 1617 assequi
333 1537 524 1616 probitatem:
544 1537 594 1596 sed
606 1537 711 1596 horum
727 1536 845 1614 quidem
862 1537 994 1595 tractatio
1009 1537 1066 1596 alio
1079 1557 1147 1595 con·

83 1643 143 1690 stat
156 1629 314 1690 disserendi
326 1631 423 1694 modo.

127 1727 211 1781 Nunc
216 1723 277 1800 jam
287 1741 438 1794 converso,
447 1742 506 1800 quo
517 1723 597 1782 cultu
608 1721 751 1799 quibusve
762 1722 855 1780 causis
865 1722 995 1800 corporis
1003 1721 1149 1798 animique

83 1814 210 1872 salutem
229 1815 431 1892 adipiscamur,
447 1813 532 1872 decet
551 1833 716 1892 exponere:
731 1813 835 1891 justius
854 1814 930 1890 enim
950 1826 992 1871 est
1011 1811 1149 1872 debonis

82 1925 174 1982 quam
193 1904 231 1964 de
249 1907 330 1964 malis
347 1904 437 1964 verba
459 1906 568 1964 faeere:
585 1905 794 1964 omnebonum
810 1905 981 1983 pulchrum:
995 1905 1148 1983 pulchrum

82 2015 158 2054 vero
171 1999 233 2056 sine
246 2017 379 2056 mensura
393 2011 422 2056 et
437 1993 636 2058 moderatione
653 2016 715 2055 esse
733 2017 792 2054 non
809 2009 906 2074 potest
917 2019 925 2053 a
938 1997 1064 2074 ideoque
1084 1999 1149 2055 ani-

81 2091 161 2160 mal,
177 2087 255 2166 quod
267 2090 324 2147 tale
338 2090 466 2147 futurum
479 2102 537 2158 est,
550 2089 733 2148 convenienti
744 2108 878 2146 mensura
895 2088 1073 2148 moderatum
1089 2111 1149 2148 esse
1195 2129 1199 2144 .

81 2191 225 2257 oportet:
243 2201 277 2238 ex
298 2199 399 2239 eorum
417 2193 513 2239 autem
534 2199 673 2250 numero,
691 2201 755 2258 quae
769 2195 998 2240 commensurata
1013 2182 1154 2241 moderat-⁸

83 2285 174 2348 taque
189 2269 334 2346 dicuntur,
353 2271 455 2350 exigm
465 2271 596 2349 quaedam
606 2274 797 2350 persentimus
810 2285 840 2330 et
850 2273 1027 2350 judicamus,
1045 2276 1155 2352 praeci!

80 2383 144 2442 pua
155 2383 226 2422 vero
236 2377 265 2422 et
278 2365 401 2423 maxima
415 2365 594 2441 ignoramus:
607 2385 697 2442 porro
712 2365 749 2424 ad
762 2365 870 2424 honam
883 2379 913 2424 11
925 2367 1027 2425 malam
1040 2368 1147 2426 valitu-

82 2453 200 2526 dinem,
223 2454 260 2514 ad
286 2457 405 2516 virtutes
429 2469 457 2514 et
477 2458 563 2530 vitia,
588 2459 667 2516 nulla
691 2458 852 2517 moderatio
875 2460 921 2516 vel
944 2458 1146 2518 immoderatio

83 2545 203 2622 majoris
218 2549 370 2620 momenti,
386 2568 472 2626 quam
493 2549 595 2607 animae
615 2549 651 2608 ad
672 2549 767 2630 ipsum
788 2570 910 2628 corpus,
934 2570 997 2608 esse
1014 2549 1146 2608 videtur:

82 2639 192 2698 borum
207 2640 278 2699 nihil
298 2642 527 2715 consideramus,
545 2663 638 2720 neque
652 2643 905 2702 animadvertimus
915 2642 1009 2720 quod,
1027 2643 1146 2717 quando

82 2730 233 2790 robustam
248 2753 435 2812 magnamque
454 2735 578 2794 animam
597 2733 769 2792 imbecillior
789 2735 966 2811 inferiorque
984 2731 1148 2812 1111111111-

84 2823 159 2895 cies,
177 2824 224 2882 vel
242 2823 358 2901 quando
377 2839 478 2882 contra
491 2826 545 2882 ista
554 2825 729 2901 junguntur,
752 2837 843 2882 toturn
858 2825 951 2900 ipsum
966 2825 1071 2882 animal
1086 2827 1148 2902 pul-

83 2915 187 2973 chrum
201 2935 261 2974 esse
277 2935 335 2973 non
350 2928 463 2992 potest:
476 2917 599 2974 maxima
613 2916 689 2973 enlm
703 2933 836 2986 mensura
848 2927 877 2972 et
891 2914 1089 2997 moderatione
1104 2937 1148 2974 ca-

83 3017 145 3063 ret:
168 3005 247 3083 quod
261 3019 356 3064 autern
374 3018 475 3064 contra
487 3006 623 3064 allectum
639 3020 682 3065 est
691 3051 699 3080 ,
716 3007 945 3085 spectaculorum
960 3007 1087 3065 omnium
1103 3009 1146 3079 ei,

83 3097 179 3175 quiid
195 3099 290 3156 valeat
305 3098 425 3168 intueri,
442 3091 671 3175 pulcherrimum
692 3096 985 3174 amabilissimumque
1007 3111 1146 3174 apparet:
1228 3125 1235 3133 ·

83 3208 191 3268 corpus
203 3189 337 3266 quidem,
359 3188 438 3266 quod
450 3188 654 3266 grandioribus
668 3191 714 3248 vel
730 3189 920 3266 inaequalibus
931 3186 1085 3260 cruribus„
1098 3203 1150 3248 aut

83 3281 188 3359 quovis
198 3282 254 3340 alio
266 3280 384 3340 modum
398 3280 553 3339 excedente
564 3280 696 3340 membro
707 3301 804 3339 secum
816 3282 880 3360 ipso
897 3278 1040 3350 dissentit,
1052 3293 1082 3348 et
1094 3279 1147 3338 de-

84 3375 177 3432 forme
186 3385 229 3431 est
240 3385 270 3431 et
283 3373 313 3429 in
324 3371 449 3430 serendis
462 3371 611 3432 laboribus
625 3385 842 3450 contorquetur,
856 3371 978 3442 incidat,
990 3372 1111 3429 lassatur
1120 3385 1149 3430 et

83 3463 228 3536 concidit,
242 3462 551 3540 innumerabiliumque
565 3465 707 3523 malorum
726 3463 781 3522 sibi
797 3483 911 3522 causam
930 3461 1040 3541 praebet
1051 3486 1057 3519 :
1070 3463 1147 3521 idern

83 3576 202 3634 quoque
211 3542 400 3634 judicandum
416 3557 453 3615 de
472 3577 507 3614 eo
522 3577 556 3614 ex
575 3559 669 3616 anima
690 3571 718 3614 et
737 3577 860 3636 corpore
873 3557 1047 3637 composito,
1067 3557 1147 3635 quod

83 3650 189 3708 animal
204 3650 396 3728 appellamus:
407 3647 524 3726 quando
536 3650 611 3707 enim
626 3650 719 3708 anima
735 3668 857 3726 corpore
868 3649 1024 3709 admodum
1041 3663 1148 3728 poten·
1200 3693 1206 3707 ,

84 3743 143 3800 1111
154 3755 212 3813 est,
229 3733 352 3801 exsultat
367 3744 397 3801 in
410 3761 446 3800 1ο
458 3754 545 3818 atque
561 3741 697 3813 ellertur,
716 3754 745 3798 ct
760 3754 851 3798 toturn
866 3743 960 3820 ipsum
976 3745 1148 3800 intrinsecus

83 3833 216 3912 quatiens
230 3833 416 3911 languoribus
429 3835 548 3911 implet:
566 3833 683 3909 quando
695 3834 780 3890 etiarn
798 3831 833 3892 ad
850 3834 1017 3894 discendum
1028 3833 1149 3892 investi-

84 3925 268 4002 gandumque
282 3926 407 3985 collectis
422 3928 450 3985 iu
465 3945 551 3984 unum
565 3922 677 3984 ‘viribus
688 3925 875 3984 vehementer
887 3926 1041 3994 incumbit,
1057 3925 1149 4000 lique-

84 4019 155 4077 facit
175 4017 307 4094 protinus
321 4037 427 4096 corpus
444 4030 473 4075 et
487 4018 649 4076 labefactat.
668 4017 799 4096 Denique
821 4039 910 4095 quum
932 4017 967 4075 ad
985 4014 1148 4073 docendum

85 4107 342 4186 disserendumquo
359 4109 493 4187 privatim
509 4123 537 4168 et
555 4108 670 4186 publice
690 4108 843 4168 ambitiosa
857 4108 980 4186 quadam
998 4119 1145 4166 concerta·
