2776 4688
246 395 293 464 68
344 397 347 403 ’
607 395 931 466 INTRODUCTIO.

245 519 321 581 artis
344 515 452 604 regula
472 515 705 597 excludantur3
727 515 783 581 sed
799 538 891 603 aeque
906 537 943 580 ac
959 537 995 578 ea
1011 537 1083 604 quae
1100 517 1179 581 vitio
1195 541 1309 584 carere

245 621 420 704 dicemur,
437 620 631 688 concludere
648 621 827 687 videantur.
853 621 929 686 Non
950 621 1036 685 enim
1052 621 1116 686 hoc
1132 623 1208 687 artis
1224 625 1310 688 vitio
1375 709 1376 712 Ἴ

245 727 473 809 tribuendum,
491 727 547 791 sed
564 725 723 791 artificum
741 728 962 817 negligentiae,
979 727 1036 814 qui
1053 729 1215 816 reguhm,
1239 753 1308 816 qua

243 835 361 898 ho'rum
380 833 493 898 vitium
511 833 672 922 aperiant,
698 834 873 897 commenti
892 854 959 896 non
985 833 1060 897 sint.
1086 833 1174 916 Quin
1192 851 1226 898 et
1242 836 1308 898 arti

242 941 317 1004 satis
336 955 384 1003 est
402 939 452 1003 illa
470 955 598 1021 notare,
626 954 659 1002 et
675 960 786 1002 carere
805 939 919 1019 jubere
941 961 949 1003 :
975 954 1012 1002 ut
1029 954 1062 1003 et
1085 938 1174 1002 navis
1196 956 1309 1004 rector
1375 929 1376 934 ἵ

241 1047 315 1110 satis
332 1069 392 1135 pro
408 1043 517 1109 officio
535 1045 632 1127 facit,
649 1043 692 1127 si,
715 1045 775 1108 etsi
797 1043 904 1108 brevia
923 1043 964 1108 de
989 1042 1097 1108 medio
1115 1066 1182 1108 non
1201 1045 1308 1126 tollit,

240 1169 345 1216 tamen
364 1174 475 1216 carere
487 1149 616 1232 jubeat,
634 1173 670 1215 ac
686 1149 833 1215 declinet.
852 1149 919 1214 Nec
935 1151 1022 1214 enim
1039 1147 1114 1214 ideo
1131 1173 1181 1214 ars
1197 1151 1309 1238 aliqua

240 1257 437 1340 damnanda,
457 1255 532 1344 quia
557 1254 704 1345 quaedam
730 1277 880 1343 superare
903 1278 971 1320 non
993 1257 1105 1344 possit.
1129 1255 1308 1320 Summum

240 1363 491 1458 gubernatorem
507 1375 563 1423 aut
576 1357 738 1424 medicum
752 1359 842 1423 Plato
857 1359 972 1446 (1)ait,
987 1381 1058 1447 quae
1069 1357 1154 1423 effici
1165 1375 1234 1424 arte
1245 1383 1306 1424 sua

239 1468 386 1557 possint,
401 1482 434 1530 et
451 1489 522 1554 quae
542 1487 608 1529 non
621 1467 776 1554 ,cognita
796 1465 936 1547 habere,
955 1482 988 1529 et
1009 1465 1070 1529 illis
1084 1464 1216 1552 quidem
1233 1489 1308 1530 ma·

239 1596 301 1637 nus
317 1573 489 1641 admovere
507 1587 539 1636 ct
559 1570 687 1670 aggredi
706 1572 827 1653 facere,
848 1571 1082 1635 omittere'alia.
1101 1571 1215 1659 Itaque
1232 1593 1306 1636 me·

238 1680 300 1744 lius
322 1677 475 1742 adversus
500 1675 686 1756 hujusmodi
710 1697 744 1739 se
764 1691 853 1764 gerat
875 1675 1093 1758 Dialecticus,
1119 1675 1146 1738 si
1175 1691 1307 1740 tautum
1375 1759 1376 1762 Ἴ

237 1784 351 1848 vitiosa
370 1783 471 1864 dicat,
491 1803 550 1846 nec
567 1782 724 1869 explicare
746 1781 840 1844 anxie
870 1779 1013 1845 laboret.
1029 1780 1096 1844 Etsi
1123 1803 1189 1845 nou
1208 1783 1309 1846 multi

239 1889 359 1977 negotii
372 1889 471 1968 foret,
492 1885 699 1950 distinctione
714 1885 841 1973 aliqua,
856 1884 1032 1951 illiusmodi
1048 1886 1157 1950 omnia
1172 1885 1308 1952 cludere

240 2011 273 2057 et
288 1993 446 2081 frangere.
466 1991 550 2074 Quis
566 2013 722 2078 umquam
739 1989 839 2072 dixit,
862 1991 935 2078 Ego
955 1994 1098 2072 mentior,
1116 2015 1220 2080 quum
1239 1993 1308 2057 hoc

239 2101 346 2187 ipsum
365 2097 610 2184 pronuntiatum
635 2096 749 2159 falsum
773 2094 869 2160 vellet
888 2094 1074 2161 declarare?
1097 2097 1203 2184 Nemo
1227 2121 1308 2162 um-

240 2223 356 2291 quam,
375 2200 544 2281 existimo,
567 2217 624 2263 aut
653 2201 735 2264 nihil
753 2199 877 2266 dixerit.
903 2201 967 2266 Sed
992 2225 1096 2291 quum
1122 2203 1168 2268 sic
1188 2203 1309 2291 aliquis

239 2307 403 2397 loquitur,
417 2303 457 2369 de
471 2302 534 2368 alio
547 2306 655 2392 aliquo
670 2353 679 2388 ,
692 2305 801 2393 paullo
818 2323 921 2371 antea
938 2329 972 2372 se
986 2307 1163 2390 affirmato,
1179 2331 1309 2374 sermo-

238 2437 314 2480 nem
335 2413 424 2494 facit3
441 2412 467 2476 si
484 2434 552 2475 non
564 2411 659 2493 facit,
676 2433 779 2500 quum
797 2413 877 2476 nihil
891 2411 996 2496 dicat,
1019 2437 1079 2478 nec
1095 2437 1223 2497 verum,
1244 2439 1310 2482 nec

238 2520 355 2584 falsum
372 2516 458 2586 dicit.
465 2517 587 2581 Verum
596 2539 663 2580 non
678 2533 805 2582 tantum
821 2518 879 2581 otii
892 2534 957 2599 est,
969 2536 1007 2581 ut
1021 2543 1154 2608 opernm
1169 2521 1201 2583 in
1214 2521 1309 2586 hisce

240 2641 382 2691 nostram
406 2621 654 2711 profundamus.
681 2623 750 2687 Nec
772 2623 912 2687 multum
934 2624 1031 2688 etiam
1054 2623 1146 2689 firma
1168 2642 1247 2690 sunt
1268 2649 1310 2690 ea

239 2732 357 2820 quihus
368 2733 407 2795 D.
426 2729 627 2818 Augustinus
640 2727 686 2817 (a)
699 2729 905 2794 Dialecticam
921 2728 1073 2795 adversus
1093 2729 1309 2797 Academico-

239 2861 313 2902 rum
335 2837 535 2900 incursiones
559 2835 666 2898 munit
694 2858 702 2898 :
731 2857 805 2898 vem
824 2836 924 2899 multa
942 2834 1058 2900 docere
1074 2837 1308 2921 Dialecticam‚

241 2961 278 3008 ut
289 2993 297 3026 ,
308 2941 444 3007 effatum
464 2963 562 3005 omne
578 2956 634 3004 aut
645 2961 759 3004 verum
774 2962 859 3019 esse,
877 2957 933 3004 aut
949 2941 1064 3005 falsum
1083 2965 1090 3006 :
1108 2943 1310 3022 Disjunctio·

241 3073 298 3114 nes
316 3046 494 3112 necessario
511 3067 579 3110 esse
591 3067 691 3110 veras.
710 3047 823 3134 Ipsum
835 3045 927 3128 vide;
946 3071 1006 3112 nec
1019 3047 1105 3112 enim
1121 3049 1189 3112 haec
1201 3072 1309 3139 nego-

240 3157 322 3219 tium
342 3151 436 3217 nobis
452 3151 557 3215 facere
571 3149 689 3214 debere
706 3151 902 3238 putavimus.
921 3153 1047 3216 Dictum
1065 3175 1142 3244 ergo
1158 3155 1309 3220 visorum

241 3261 274 3322 in
293 3281 367 3322 vera
385 3273 417 3321 et
435 3257 511 3320 falsa
529 3253 734 3336 divisionem,
757 3276 867 3318 rerum
893 3279 1030 3342 quarum
1048 3258 1115 3321 visa
1131 3275 1229 3341 sunt,
1252 3283 1308 3324 ra-

243 3365 366 3427 tionem
382 3379 523 3452 spectare
545 3359 813 3424 admonebamus.
841 3362 883 3424 At
908 3384 984 3424 vero
1008 3363 1132 3426 ratione
1155 3365 1223 3445 ejus
1248 3367 1309 3453 qui

241 3469 365 3533 visione
378 3465 532 3546 afficitur,
553 3464 587 3528 id
603 3481 673 3545 est,
688 3465 852 3547 hominis,
877 3467 1059 3553 phantasias
1076 3469 1110 3532 in
1129 3493 1230 3553 veras,
1248 3489 1310 3538 aut

241 3574 351 3654 falsas,
370 3570 636 3659 comprehensas,
659 3585 799 3634 autnon
818 3572 1081 3659 comprehensas,
1104 3577 1215 3664 partiri
1235 3601 1307 3642 non

242 3693 393 3769 oportere
411 3675 590 3740 Academici
615 3677 724 3757 aiunt,
743 3697 844 3762 quum
868 3676 955 3765 apud
977 3701 1052 3743 eum
1076 3681 1156 3745 nihil
1179 3705 1263 3747 verte
1287 3709 1306 3748 a

242 3785 327 3850 i'aisis
346 3782 511 3862 differant,
525 3781 686 3870 nullaeque
699 3781 740 3845 ab
755 3781 826 3869 ipso
842 3785 1169 3872 comprehendantur.

276 4043 312 4107 (ι)
331 4043 368 4090 De
380 4039 486 4104 Republ.
498 4039 541 4086 lib.
554 4038 587 4084 11.

275 4129 315 4194 (a)
331 4131 420 4179 Contra
435 4125 512 4178 head.
523 4124 569 4173 lib.
584 4125 633 4186 111,
649 4139 701 4188 cap.
714 4125 760 4186 13,
773 4134 832 4172 tom.
841 4126 861 4171 1.
