2776 4688
233 329 282 467 74‘
403 439 406 446 ,
594 368 926 465 rurnooucrro.

230 491 462 580 importaretur,
485 489 568 554 circa
585 512 666 578 quas
681 491 809 564 animus
833 514 900 556 nou
927 489 1136 572 distrahatur,
1158 491 1200 558 nd
1226 517 1305 565 vere

230 599 326 682 bum,
340 583 646 664 'Indbtraotoeralia
658 607 758 663 πιθαναὶ
776 607 817 660 sal
834 607 1001 678 tereteeaea
1016 606 1058 660 sal
1073 605 1271 680 neptuisuplvar
1285 611 1303 668 ἢ

232 710 414 785 ttetsupr'va,
431 703 544 784 idest,
555 694 754 792 probabilei,
771 726 835 768 non
849 703 1010 792 impedite
1017 720 1074 769 aut
1085 705 1300 786 indistraotoe,

224 811 429 900 perlustrata
437 826 494 874 aut
500 824 704 898 peragrata,
716 811 767 875 vel
775 857 784 886 ,
793 825 831 873 ut
839 810 954 875 Cicero
962 809 1010 897 (s)
1023 825 1146 876 vertere
1156 811 1302 894 videtur,

228 901 274 980 ex
286 919 557 1006 circunspectione
580 929 610 982 et
629 931 783 982 accurata
807 915 1072 996 consideratione,
1092 928 1124 982 et
1144 940 1219 1006 quea
1236 941 1304 982 non

229 1023 450 1112 impediantur.

271 1133 324 1218 47.
342 1133 582 1218 Aperbpastos,
602 1129 637 1193 id
651 1145 719 1212 est,
731 1129 934 1210 rhdistroota,
959 1128 1126 1217 phantasia
1143 1152 1180 1192 aa
1197 1152 1301 1194 voca·

231 1251 301 1318 tur,
318 1236 410 1316 cujus
425 1235 642 1323 probabilitati
661 1257 775 1301 omnes
796 1257 868 1322 quse
890 1234 986 1300 simul
1004 1257 1081 1299 cum
1105 1233 1156 1298 illa
1180 1257 1304 1298 occur·

230 1357 308 1406 runt
318 1339 492 1430 phantasiae
499 1341 727 1429 suffragantur,
743 1339 895 1427 nullaque
908 1337 1016 1406 obstat
1026 1339 1208 1427 quominus
1223 1363 1303 1403 vera

229 1446 392 1527 videatur,
411 1463 444 1510 et
453 1468 550 1537 quam
565 1446 672 1512 omnia
684 1469 756 1533 quac
766 1468 831 1510 una
848 1460 957 1512 mente
973 1445 1197 1534 excipiuntur,
1214 1469 1303 1510 con-

184 1595 188 1602 ·
230 1551 369 1618 firmant.
388 1553 500 1636 Quum
519 1551 607 1616 enim
631 1573 692 1640 ego
713 1553 877 1618 Socratem
903 1552 1085 1640 conspicio,
1115 1573 1181 1615 non
1207 1551 1303 1616 nuda

230 1683 267 1724 ac
283 1659 421 1748 simplici
439 1660 546 1724 solum
563 1658 632 1738 ejus
657 1657 780 1724 visione
793 1657 904 1740 ferior3
925 1655 983 1722 sed
1005 1674 1038 1722 et
1060 1657 1201 1745 plurium
1223 1681 1304 1745 quar

227 1765 312 1830 cirm
326 1749 434 1846 illum,
453 1787 590 1853 quasque
605 1781 694 1830 extra
710 1780 801 1844 sunt,
818 1787 928 1830 rerum
950 1764 1090 1828 visiones
1110 1786 1163 1828 me
1184 1779 1303 1851 petant

227 1888 327 1960 atque
341 1888 488 1960 tangant,
517 1893 647 1936 necesse
664 1887 731 1951 est,
754 1870 879 1934 etiamsi
903 1870 992 1935 nulla
1011 1869 1210 1934 accuratiore
1232 1871 1301 1933 cir-

228 1978 469 2066 cumspectione
495 1975 638 2040 adhibita
668 1974 896 2040 tantummodo
921 1998 997 2040 eum
1024 1976 1160 2066 intuear.
1192 1974 1301 2040 Video

229 2083 317 2146 enim
335 2105 416 2163 una,
442 2103 514 2168 quae
538 2083 622 2144 circa
640 2081 747 2168 ipsum
765 2096 842 2147 suut
869 2080 980 2168 illique
1002 2082 1134 2162 insunt,
1153 2082 1300 2146 colorem

227 2187 373 2274 corporis
390 2204 423 2249 et
441 2185 699 2275 magnitudinem
712 2207 750 2250 ac
767 2202 943 2267 staturam,
966 2185 1135 2267 habitum,
1150 2203 1300 2268 motum,

226 2293 314 2358 vocis
330 2313 467 2372 sonum,
484 2292 510 2354 si
534 2307 605 2354 tum
617 2290 701 2357 forte
724 2289 899 2378 loquatur,
916 2293 1090 2374 vestitum,
1112 2293 1183 2357 alia.
1213 2295 1301 2374 Quae

227 2421 305 2464 vero
321 2415 409 2462 extra
422 2413 501 2462 sunt
514 2419 580 2478 res,
596 2419 709 2460 verum
728 2419 838 2465 earum
855 2399 994 2464 visiones
1013 2398 1091 2462 huic
1106 2421 1171 2462 una
1190 2401 1299 2462 eomi-

229 2520 355 2586 tantur,
374 2501 490 2570 eodem
504 2502 600 2568 etiam
618 2502 741 2568 intuitu
763 2503 880 2585 video,
907 2521 944 2570 ut
964 2503 1060 2593 puta,
1079 2505 1170 2588 eseli,
1195 2506 1298 2584 lucis,

227 2609 309 2694 diei,
323 2610 529 2700 regionisque
544 2625 577 2674 et
592 2610 771 2679 amicorum
781 2611 839 2702 qui
847 2611 893 2674 illi
902 2609 1026 2691 adsint,
1042 2627 1097 2676 aut
1109 2633 1298 2694 servorum,

227 2718 283 2805 qui
299 2732 417 2806 praesto
435 2716 515 2797 sint,
531 2714 637 2784 facies.
653 2717 729 2783 Haec
749 2717 848 2805 igitur
865 2717 975 2782 omnia
994 2717 1020 2780 si
1045 2717 1249 2782 concordent
1263 2737 1299 2782 et

228 2825 261 2886 in
274 2821 419 2888 eamdem
437 2837 634 2886 concurrant
647 2813 851 2904 sententiam,
861 2823 1054 2910 nullumque
1069 2823 1199 2888 illorum
1207 2825 1297 2888 viso-

226 2951 299 2993 rum
315 2927 474 3015 probabili
492 2927 629 2990 Socratis
649 2927 764 2993 visioni
790 2927 988 3017 refragetur,
1007 2929 1036 2993 ei
1061 2929 1236 3017 phantasiae
1258 2949 1299 2995 ut

225 3035 407 3122 acquiescat
421 3033 549 3098 animus
567 3049 719 3120 oportct3
743 3033 884 3121 ideoque
900 3057 937 3100 ea
955 3036 1072 3100 merito
1087 3039 1298 3125 aperispastos

225 3156 450 3229 nuncupetur,
469 3154 502 3202 et
515 3137 611 3202 fidem
630 3139 733 3204 faciat.
750 3140 873 3204 Verum
885 3141 1051 3206 enimvero
1066 3142 1226 3231 contingit
1238 3143 1299 3207 ali·

227 3244 377 3335 quando,
401 3243 546 3310 utnulla
568 3266 701 3328 eorum,
725 3267 797 3333 quae
822 3249 1106 3328 enumeravi-us,
1134 3247 1294 3314 visionem

225 3354 455 3442 impugnante,
474 3351 587 3438 opinio
602 3366 708 3414 tamen
726 3352 852 3439 aliqua,
873 3375 946 3440 quse
957 3357 1051 3417 a'ntea
1068 3355 1227 3417 inanimo
1243 3356 1296 3418 in-

224 3458 359 3537 sederit,
370 3471 551 3543 suspectam
566 3478 637 3524 eam
651 3455 783 3539 reddat,
801 3479 861 3523 nec
870 3457 970 3523 fidere
983 3459 1028 3524 illi
1039 3459 1131 3524 sinat.
1144 3459 1195 3528 Sic
1206 3461 1295 3549 apud

225 3559 414 3652 Euripidem
425 3561 471 3648 (a)
487 3562 651 3628 Menelaus
666 3563 701 3626 in
717 3561 860 3628 Pharum
877 3562 1001 3630 delatus
1019 3566 1118 3630 visam
1137 3566 1293 3630 Helenam

225 3693 293 3736 non
309 3667 470 3758 agnoscit,
489 3667 565 3754 quia
583 3691 600 3732 a
620 3690 653 3734 se
673 3669 706 3732 in
731 3669 803 3734 navi
823 3669 964 3734 relictam
981 3672 1171 3754 arbitratur,
1189 3695 1295 3761 eaque

225 3775 337 3866 opinio
355 3773 501 3842 animum
516 3772 585 3852 ejus
604 3773 761 3854 retrahit,
789 3797 849 3839 nec
873 3773 968 3840 fidem
995 3776 1110 3841 risioni
1137 3775 1295 3842 adhibere

257 4018 295 4082 (r)
310 4020 338 4066 lu
347 4015 463 4074 bucello,
480 4031 534 4079 cap.
550 4030 590 4072 rr,
606 4018 647 4076 32,
660 4017 701 4065 33.

261 4107 341 4171 (a)1u
351 4103 459 4164 Helena,
474 4113 521 4151 act.
532 4105 570 4167 11,
585 4119 619 4152 sc.
631 4113 654 4160 t.
