2744 4684
252 335 325 430 474
430 334 776 404 PROLEGOMENA
802 337 852 407 IN
877 331 1139 406 Plttlnoxt.

253 477 405 522 ceronam
436 455 613 535 existimet,
631 470 670 521 ut
694 457 830 545 impune
857 457 912 522 ime
940 455 1151 545 cupiditatem
1176 455 1319 535 satiaret,

253 561 380 628 omissis
392 561 580 626 nominibus
588 609 598 642 ,
612 561 753 628 facinora
771 579 897 628 tantum
910 578 944 628 et
956 583 1061 628 mores
1075 560 1320 650 persta-inrisam

253 666 354 732 sedin
365 681 521 756 promptu
534 683 641 749 erant,
650 667 790 755 satisque
802 667 922 732 recenti
932 665 1099 747 memoria,
1106 662 1319 753 turpitudinis

255 771 418 860 exempla,
444 793 516 858 qun
540 768 706 859 explorare
726 793 795 836 non
823 793 997 860 possumus
1020 770 1142 834 omnia.
1165 769 1255 834 Satis
1276 786 1320 832 est

253 877 352 960 scire,
369 877 475 941 notari
492 876 568 942 vitia
587 876 793 958 modiorum,
808 878 1017 960 Cramom,
1031 875 1268 958 Lucullorum,
1283 876 1319 938 al

253 981 378 1050 Eodem
395 983 493 1072 igitur
508 983 582 1048 loco
596 981 837 1049 Paradoxorum
854 999 968 1047 auctor
984 980 1154 1047 habendus
1171 995 1243 1060 est,
1258 1001 1320 1068 quo

251 1089 438 1178 Satyrarum
454 1090 647 1178 scriptores,
666 1091 741 1180 qui,
757 1113 799 1156 ne
817 1110 967 1156 accusem
982 1088 1176 1170 videantur,
1193 1085 1239 1152 ad
1255 1087 1320 1150 vita

252 1197 419 1262 veritatem
432 1212 465 1261 et
480 1219 577 1262 usum
594 1197 832 1262 accuratissime
847 1197 1019 1286 designant
1033 1209 1221 1282 nutantque
1232 1193 1321 1274 vitia,

253 1302 333 1390 quin
362 1300 463 1366 velint
483 1300 663 1390 quidquam
686 1301 907 1370 delectationis
931 1302 997 1394 peti
1019 1323 1060 1366 ex
1076 1299 1162 1364 vetis
1192 1322 1319 1380 eorum,

252 1429 395 1496 quorum
416 1408 563 1496 exempla
584 1409 759 1498 castigant,
781 1409 983 1474 nominibus.
1004 1407 1053 1472 lta
1074 1401 1321 1494 quodammodo

253 1511 317 1578 dici
331 1511 371 1576 de
385 1511 446 1577 hac
460 1513 614 1578 vitiorum
628 1514 919 1602 vituperandorum
931 1513 1071 1596 ratione,
1085 1535 1159 1600 quoe
1174 1511 1211 1575 in
1230 1511 1322 1576 Para·

252 1617 345 1685 doxis
361 1617 633 1706 deprehenditur,
649 1618 729 1684 illud
746 1637 871 1709 potest,
890 1619 980 1710 quod
998 1619 1065 1708 ipse
1089 1619 1157 1682 Cic.
1177 1616 1223 1682 de
1241 1635 1320 1682 tem-

242 1746 333 1815 'pore
351 1747 539 1790 sermonum
558 1723 599 1790 de
615 1726 751 1790 Finibus
772 1727 883 1792 scribit
896 1724 938 1792 ad
952 1725 1051 1792 Attio.
1075 1725 1177 1805 Xlll,
1200 1744 1253 1809 19,
1268 1745 1322 1786 tur

253 1832 297 1896 ita
312 1830 489 1896 confecerit
506 1830 653 1918 quinque
669 1830 769 1896 libros
783 1842 839 1912 περὶ
853 1847 947 1900 vitei,
964 1845 1001 1894 ut
1016 1829 1179 1917 Epicurea
1192 1828 1230 1892 L.
1246 1828 1322 1890 Tor·

254 1951 368 2025 qualo,
384 1936 491 2000 Stoica
506 1935 552 2000 M.
569 1937 700 2020 Catoni,
715 1945 900 2018 πιριπατητυιὶ
918 1935 962 2002 Μ.
978 1935 1091 1999 Plsonl
1107 1931 1204 1998 daret
1221 1943 1322 2002 :ttiu-

253 2052 380 2118 τύπτον,
397 2041 522 2130 inquit,
536 2041 573 2106 id
570 2039 651 2130 sore
653 2041 825 2132 putabam,
838 2041 925 2132 quod
932 2053 1037 2106 omnes
1051 2037 1102 2104 itt·
1112 2038 1320 2104 decessum.
