2786 4674
268 338 339 408 610
600 337 648 402 Μ.
675 336 717 402 Τ.·
739 336 980 404 CICERONIS

268 459 419 539 superiora
430 456 506 516 affici
518 456 629 516 solent:
644 455 700 516 boc
717 457 800 534 plane
814 456 845 514 in
859 455 988 516 secandis
1002 455 1176 534 urendisqme
1192 459 1333 520 mernbris

269 573 285 610 a
348 565 400 610 ret.
725 569 727 572 ·

288 572 371 702 pidm
387 658 554 703 communes
575 639 628 696 toti
647 639 765 716 corpori
784 638 948 716 passiones,
960 659 1066 717 easque
1077 640 1264 702 inferentium
1279 665 1332 702 eo-

267 747 421 812 ptnmenta
437 731 636 792 tractavimus:
653 751 730 790 nunc
750 732 839 810 igitur
856 751 922 800 eas,
941 752 1007 810 quo
1019 733 1107 792 certis
1120 735 1214 794 nostri
1225 756 1331 813 corpo

268 827 307 886 ris
322 824 454 904 partibus
467 821 619 892 accidunt,
635 834 664 880 et
684 823 760 882 unde
773 825 964 900 proveniunt,
980 823 1123 902 quibusve
1139 827 1231 886 musis
1252 831 1330 888 infe-

266 933 381 993 runtur,
390 937 446 996 pro
457 915 566 976 viribus
580 935 759 993 exponamus
771 937 778 972 :
794 916 953 994 principio,
966 937 1032 994 quae
1043 937 1151 994 supra,
1161 921 1278 997 quando
1289 921 1330 980 de

266 1010 438 1072 humoribus
451 1007 618 1082 agebamus,
629 1009 813 1086 reliquimus,
826 1029 914 1086 quum
929 1009 1033 1087 linguae
1048 1012 1198 1089 passim
1212 1013 1284 1086 sint,
1302 1015 1328 1072 si

266 1125 326 1182 quo
339 1103 428 1162 modo
441 1119 607 1180 possumus,
622 1100 821 1160 declaremus:
836 1100 972 1160 videntur
985 1117 1080 1162 numm
1095 1103 1174 1176 baec,
1186 1106 1330 1182 quemad-

265 1195 385 1258 modum
398 1207 427 1254 et
438 1193 493 1252 alia
505 1194 610 1260 multa,
625 1191 848 1254 discretionibus
860 1191 1035 1271 quibusdam
1046 1208 1076 1254 et
1089 1197 1330 1258 concretionibus

266 1289 346 1360 lieri,
363 1307 397 1346 ac
414 1297 553 1363 preterea
567 1284 688 1345 levitate
704 1285 915 1363 asperitateqne
935 1286 1025 1364 magis
1044 1307 1134 1365 quem
1151 1302 1244 1348 cetera
1263 1291 1328 1348 uti:

263 1381 422 1442 tenduntur
441 1397 458 1438 a
480 1378 577 1454 linqua
592 1396 671 1438 venae
689 1376 726 1436 ad
748 1377 843 1436 cordis
864 1377 981 1448 sedem,
995 1397 1134 1458 saporum
1152 1382 1276 1442 nunna:
1296 1385 1328 1440 in

264 1494 335 1554 quas
359 1473 383 1532 si
407 1490 465 1549 qua
489 1471 529 1528 ita
551 1469 720 1543 inciderint,
741 1483 773 1531 ut
788 1469 936 1530 humidam
952 1472 1047 1531 carnis
1067 1473 1219 1533 mollitiem
1239 1495 1329 1552 pene·

264 1564 385 1631 trautia,
407 1562 535 1622 terrestri
554 1581 606 1650 sua
622 1573 724 1620 natura
739 1561 852 1622 modice
866 1563 1031 1640 liquefacta,
1054 1583 1144 1624 venas
1160 1567 1237 1644 ipsas
1257 1587 1327 1626 con-

264 1658 381 1720 trabant
400 1653 633 1732 arefaciantque,
656 1673 773 1732 sapores
797 1653 962 1730 hujusmodi
983 1655 1117 1732 pariunt:
1132 1657 1287 1726 videlicet,
1303 1661 1327 1718 si

265 1751 414 1830 asperiora
432 1761 514 1818 sunt,
534 1746 656 1806 acerbos
674 1767 828 1824 acresque,
850 1747 894 1806 sin
909 1767 1011 1826 aspera
1024 1751 1133 1822 minus,
1149 1765 1281 1811 austeros
1298 1767 1328 1811 et

262 1845 396 1922 ponticos
414 1863 421 1898 ι
444 1859 509 1917 quaa
530 1852 559 1898 et
579 1839 642 1898 illas
658 1851 798 1917 purgant,
821 1851 868 1912 et,
884 1840 908 1898 si
924 1859 981 1918 qua
997 1840 1101 1918 lingtraa
1116 1842 1326 1916 inbaereseunt,

262 1935 399 1996 abluunt:
411 1933 435 1994 si
447 1932 522 1992 ultra
536 1929 654 1992 modum
669 1929 699 1989 id
714 1930 837 2000 faciant,
851 1943 1020 2007 naturaque
1035 1932 1126 2009 ipsius
1144 1935 1279 1994 nonnihil
1295 1937 1326 1994 li·

261 2028 441 2106 quefaciant,
455 2025 549 2103 qualis
560 2036 603 2082 est
616 2023 646 2082 in
656 2023 734 2082 nimo
745 2023 887 2100 potentia,
901 2042 999 2084 amara
1009 2025 1106 2084 omnia
1120 2029 1324 2086 nominantur:

263 2121 308 2180 sin
321 2134 417 2178 antem
431 2118 490 2177 vim
503 2117 581 2174 uitro
597 2120 829 2194 temperatiorem
846 2114 955 2176 habent
975 2116 1125 2194 lenitasque
1139 2117 1324 2198 abstergunt,

263 2212 350 2281 salsa,
370 2210 431 2268 siue
447 2206 646 2266 amaritudinis
664 2206 834 2285 asperitate,
855 2208 1001 2285 magisque
1021 2209 1115 2270 amica
1132 2211 1218 2270 nobis
1235 2233 1324 2290 appa-

264 2314 348 2366 rent:
361 2319 426 2377 qum
438 2312 534 2358 nutem
547 2299 692 2376 applicata
701 2299 760 2358 oris
774 2297 926 2370 caliditati,
940 2299 977 2360 ab
994 2321 1088 2379 coque
1102 2305 1214 2366 mollita
1227 2319 1257 2364 et
1273 2307 1324 2366 fer-

263 2395 375 2456 vefacta
395 2392 490 2468 ipsum
510 2391 635 2450 vicissim
657 2392 863 2465 fervefaciunt,
885 2413 992 2471 suaque
1013 2395 1129 2456 levitate
1151 2418 1266 2460 sursum
1288 2401 1322 2459 ad

263 2505 361 2546 sensim
374 2483 475 2560 capitis
488 2483 653 2554 elevantur,
668 2503 779 2561 suoque
793 2497 902 2544 attactu
920 2486 1032 2564 singula
1052 2487 1187 2549 dividunt
1204 2507 1324 2570 propter

262 2575 429 2656 hujusmodi
440 2574 530 2644 vires,
546 2585 629 2632 acuta
641 2589 798 2634 vocantur:
811 2576 985 2654 quandoque
998 2598 1068 2637 vero
1079 2579 1142 2640 bme
1154 2581 1275 2656 eadem,
1288 2605 1324 2644 ea

262 2669 417 2752 putredine
427 2679 588 2739 attenuata,
605 2679 739 2744 angustas
754 2687 840 2727 renas
854 2669 1065 2746 ingrediuntur,
1079 2689 1247 2754 coguntque
1257 2697 1322 2756 par·

264 2779 307 2824 tes
326 2761 490 2832 interiores,
506 2773 565 2820 tam
588 2771 717 2826 terrenas
735 2780 823 2838 quam
841 2763 1057 2839 quodammodo
1075 2785 1191 2838 aereas,
1203 2769 1322 2846 jactatas

261 2857 384 2933 inuicem
400 2851 594 2920 commisceri,
617 2851 829 2930 permixtasque
851 2853 1019 2914 circumlabi
1031 2855 1119 2929 alias,
1141 2873 1171 2920 et
1187 2861 1257 2923 alias
1277 2865 1322 2922 in-

264 2948 359 3027 gredi,
369 2948 556 3024 ingressuque
567 2963 620 3004 suo
638 2957 801 3022 penetratas
812 2965 953 3007 concavas
963 2961 1116 3026 tonsasque
1127 2953 1242 3014 efficere
1253 2979 1262 3013 :
1274 2957 1322 3016 nbi

263 3057 407 3102 concavus
422 3050 452 3096 et
464 3036 641 3114 ampullnsus
654 3035 760 3102 humor
778 3041 837 3096 aeri
855 3039 1105 3114 circumfunditur,
1122 3044 1203 3122 isque
1219 3050 1323 3108 lium

263 3133 334 3194 eilias
350 3145 461 3190 terreus
479 3147 599 3206 quoquo
620 3127 707 3187 modo
725 3141 781 3198 est,
794 3129 864 3190 alias
882 3149 988 3208 purus,
1002 3131 1092 3210 litque
1107 3153 1145 3196 ex
1160 3157 1236 3215 aqua
1250 3161 1322 3200 002.

264 3245 334 3286 cara
347 3222 495 3282 vasculum
514 3221 587 3280 aeris
607 3220 758 3280 humidum
774 3235 861 3300 atque
876 3224 1002 3282 clarum:
1025 3225 1075 3286 sed
1092 3228 1173 3305 quod
1194 3251 1230 3290 ex
1250 3253 1323 3310 pura

265 3318 391 3376 nascitur
405 3333 495 3392 aqua,
506 3313 637 3392 perlucet
646 3313 782 3391 undiquc,
793 3315 976 3394 ampullaque
986 3331 1123 3391 vocatum
1135 3323 1217 3398 quod
1227 3339 1322 3386 anm

263 3429 300 3469 ea
311 3409 457 3468 lutulento
468 3407 557 3485 magis
567 3406 704 3476 bumore,
713 3407 797 3466 dmul
810 3408 916 3485 agitato
931 3408 1048 3485 quidem
1067 3411 1204 3491 elatotpte
1219 3431 1248 3475 et
1263 3421 1321 3478 cir.

264 3513 429 3569 cumteuso,
445 3499 605 3572 conficitur,
618 3496 767 3570 ebullitio,
786 3497 866 3558 bulla
880 3499 1109 3580 fermentumque
1120 3504 1245 3568 dicitur:
1267 3510 1320 3568 ba-

264 3613 327 3652 rum
340 3593 469 3652 omnium
483 3592 647 3669 passionum
660 3611 745 3650 causa
756 3591 837 3650 acida
849 3592 971 3670 qualitas
982 3595 1158 3671 appellatur:
1171 3598 1218 3658 bis
1227 3603 1320 3662 omni-

264 3685 335 3756 bus,
346 3702 410 3761 quae
421 3681 458 3741 de
467 3681 513 3742 his
526 3682 602 3764 dicta
614 3695 695 3752 suut,
705 3681 849 3742 contraria
860 3683 956 3762 passio
971 3703 989 3742 a
1003 3689 1149 3748 contraria
1160 3690 1247 3752 causa
1257 3715 1321 3771 pro

264 3778 415 3838 ficiscitur:
431 3775 547 3852 quando
566 3795 636 3835 vero
652 3775 875 3854 ingredientium
892 3777 1013 3853 qualitas
1026 3777 1146 3840 humida
1161 3799 1205 3844 cst
1219 3787 1320 3864 lingua

262 3870 394 3951 qualitati
418 3867 587 3926 naturaliter
609 3888 730 3927 concors
750 3881 780 3928 et
797 3883 1000 3942 consentanea,
1026 3891 1060 3930 ac
1082 3875 1154 3934 lenit
1174 3879 1320 3956 mollitque

265 3985 342 4037 eam,
357 3972 591 4036 contractamque
606 3958 749 4019 demulcet
762 3961 959 4039 asperitatem,
968 3974 1069 4040 etque
1080 3964 1110 4022 in
1122 3967 1209 4030 nobis
1219 3985 1321 4048 parer

187 4063 190 4076 '
231 4084 237 4095 ·
260 4075 391 4120 mattarum
405 4064 552 4114 contracta
564 4052 609 4109 vel
623 4071 723 4130 sparsa
737 4055 869 4124 fuerunt,
881 4054 989 4112 relaxat
1003 4056 1047 4116 vel
1061 4058 1190 4137 colligit,
1200 4082 1234 4122 nc
1246 4083 1319 4122 sum-
