<?xml version="1.0" encoding="UTF-8"?>
<!DOCTYPE html PUBLIC "-//W3C//DTD XHTML 1.0 Transitional//EN"
    "http://www.w3.org/TR/xhtml1/DTD/xhtml1-transitional.dtd">
<html xmlns="http://www.w3.org/1999/xhtml" xml:lang="en" lang="en">
 <head>
  <title>
</title>
<meta http-equiv="Content-Type" content="text/html;charset=utf-8" />
  <meta name='ocr-system' content='tesseract 3.04.00' />
  <meta name='ocr-capabilities' content='ocr_page ocr_carea ocr_par ocr_line ocrx_word'/>
</head>
<body>
  <div class='ocr_page' id='page_1' title='image "./mtciceronisquae01lemagoog_0030.png"; bbox 0 0 2776 4688; ppageno 0'>
   <div class='ocr_carea' id='block_1_1' title="bbox 257 381 1083 453">
    <p class='ocr_par' dir='ltr' id='par_1_1' title="bbox 257 381 1083 453">
     <span class='ocr_line' id='line_1_1' title="bbox 257 381 1083 453; baseline -0.001 -2"><span class='ocrx_word' id='word_1_1' title='bbox 257 403 298 452; x_wconf 88' lang='grc' dir='ltr'><strong>ιο</strong></span> <span class='ocrx_word' id='word_1_2' title='bbox 478 381 528 450; x_wconf 83' lang='grc' dir='ltr'><strong>ΙΝ</strong></span> <span class='ocrx_word' id='word_1_3' title='bbox 550 382 791 453; x_wconf 82' lang='lat' dir='ltr'>CICERONIS</span> <span class='ocrx_word' id='word_1_4' title='bbox 813 381 1083 452; x_wconf 84' lang='lat' dir='ltr'>ACADEMICA</span> 
     </span>
    </p>
   </div>
   <div class='ocr_carea' id='block_1_2' title="bbox 138 501 1314 591">
    <p class='ocr_par' dir='ltr' id='par_1_2' title="bbox 138 501 1314 591">
     <span class='ocr_line' id='line_1_2' title="bbox 138 501 1314 591; baseline 0 -23"><span class='ocrx_word' id='word_1_5' title='bbox 138 569 141 576; x_wconf 81' lang='grc'>,</span> <span class='ocrx_word' id='word_1_6' title='bbox 249 503 302 568; x_wconf 86' lang='lat' dir='ltr'><strong>cui</strong></span> <span class='ocrx_word' id='word_1_7' title='bbox 328 501 472 590; x_wconf 88' lang='lat' dir='ltr'><strong>inscripti</strong></span> <span class='ocrx_word' id='word_1_8' title='bbox 499 519 611 584; x_wconf 83' lang='lat' dir='ltr'><strong>erant,</strong></span> <span class='ocrx_word' id='word_1_9' title='bbox 638 503 722 566; x_wconf 90' lang='lat' dir='ltr'><strong>mitti</strong></span> <span class='ocrx_word' id='word_1_10' title='bbox 748 503 947 591; x_wconf 87' lang='lat' dir='ltr'><strong>potuissent,</strong></span> <span class='ocrx_word' id='word_1_11' title='bbox 977 501 1076 566; x_wconf 80' lang='lat' dir='ltr'><strong>Bulbo</strong></span> <span class='ocrx_word' id='word_1_12' title='bbox 1105 518 1137 566; x_wconf 90' lang='lat' dir='ltr'><strong>et</strong></span> <span class='ocrx_word' id='word_1_13' title='bbox 1165 504 1314 568; x_wconf 70' lang='lat' dir='ltr'><strong>Cureiiiae</strong></span> 
     </span>
    </p>
   </div>
   <div class='ocr_carea' id='block_1_3' title="bbox 245 600 1320 4180">
    <p class='ocr_par' dir='ltr' id='par_1_3' title="bbox 245 600 1320 4180">
     <span class='ocr_line' id='line_1_3' title="bbox 250 600 1313 695; baseline 0.002 -23"><span class='ocrx_word' id='word_1_14' title='bbox 250 600 502 673; x_wconf 85' lang='lat' dir='ltr'><strong>describendum</strong></span> <span class='ocrx_word' id='word_1_15' title='bbox 523 606 656 672; x_wconf 78' lang='lat' dir='ltr'><strong>dederit</strong></span> <span class='ocrx_word' id='word_1_16' title='bbox 683 610 733 671; x_wconf 86' lang='lat' dir='ltr'><strong>Cf.</strong></span> <span class='ocrx_word' id='word_1_17' title='bbox 760 611 826 673; x_wconf 86' lang='grc' dir='ltr'>Αιι.</span> <span class='ocrx_word' id='word_1_18' title='bbox 854 609 954 690; x_wconf 85' lang='lat' dir='ltr'>XIII,</span> <span class='ocrx_word' id='word_1_19' title='bbox 977 631 1050 695; x_wconf 87' lang='lat' dir='ltr'><strong>epp.</strong></span> <span class='ocrx_word' id='word_1_20' title='bbox 1076 631 1112 672; x_wconf 81' lang='lat' dir='ltr'><strong>ar</strong></span> <span class='ocrx_word' id='word_1_21' title='bbox 1140 624 1172 672; x_wconf 90' lang='lat' dir='ltr'><strong>et</strong></span> <span class='ocrx_word' id='word_1_22' title='bbox 1200 631 1254 674; x_wconf 77' lang='lat' dir='ltr'><strong>aa.</strong></span> <span class='ocrx_word' id='word_1_23' title='bbox 1278 611 1313 675; x_wconf 87' lang='lat' dir='ltr'><strong>Si</strong></span> 
     </span>
     <span class='ocr_line' id='line_1_4' title="bbox 250 712 1314 802; baseline 0.003 -26"><span class='ocrx_word' id='word_1_24' title='bbox 250 715 349 802; x_wconf 84' lang='lat' dir='ltr'><strong>igitur</strong></span> <span class='ocrx_word' id='word_1_25' title='bbox 357 714 408 778; x_wconf 81' lang='lat' dir='ltr'><strong>vel</strong></span> <span class='ocrx_word' id='word_1_26' title='bbox 422 712 501 778; x_wconf 89' lang='lat' dir='ltr'><strong>iilud</strong></span> <span class='ocrx_word' id='word_1_27' title='bbox 514 729 659 802; x_wconf 77' lang='lat' dir='ltr'>negetur,</span> <span class='ocrx_word' id='word_1_28' title='bbox 675 714 739 776; x_wconf 89' lang='lat' dir='ltr'><strong>hoc</strong></span> <span class='ocrx_word' id='word_1_29' title='bbox 750 729 856 777; x_wconf 86' lang='lat' dir='ltr'><strong>tamen</strong></span> <span class='ocrx_word' id='word_1_30' title='bbox 872 713 906 776; x_wconf 89' lang='lat' dir='ltr'><strong>in</strong></span> <span class='ocrx_word' id='word_1_31' title='bbox 918 713 968 776; x_wconf 89' lang='lat' dir='ltr'><strong>his</strong></span> <span class='ocrx_word' id='word_1_32' title='bbox 980 714 1075 776; x_wconf 84' lang='lat' dir='ltr'><strong>etiam</strong></span> <span class='ocrx_word' id='word_1_33' title='bbox 1089 713 1179 778; x_wconf 91' lang='lat' dir='ltr'><strong>libris</strong></span> <span class='ocrx_word' id='word_1_34' title='bbox 1190 715 1314 779; x_wconf 80' lang='lat' dir='ltr'><strong>factum</strong></span> 
     </span>
     <span class='ocr_line' id='line_1_5' title="bbox 249 819 1315 907; baseline 0 -22"><span class='ocrx_word' id='word_1_35' title='bbox 249 841 319 885; x_wconf 85' lang='lat' dir='ltr'><strong>esse</strong></span> <span class='ocrx_word' id='word_1_36' title='bbox 341 819 464 884; x_wconf 80' lang='lat' dir='ltr'><strong>facilius</strong></span> <span class='ocrx_word' id='word_1_37' title='bbox 489 820 583 884; x_wconf 84' lang='lat' dir='ltr'><strong>etiam</strong></span> <span class='ocrx_word' id='word_1_38' title='bbox 606 835 745 884; x_wconf 82' lang='lat' dir='ltr'><strong>statuere</strong></span> <span class='ocrx_word' id='word_1_39' title='bbox 766 819 893 901; x_wconf 83' lang='lat' dir='ltr'><strong>licebit,</strong></span> <span class='ocrx_word' id='word_1_40' title='bbox 913 841 1015 907; x_wconf 87' lang='lat' dir='ltr'><strong>quum</strong></span> <span class='ocrx_word' id='word_1_41' title='bbox 1032 820 1066 882; x_wconf 91' lang='lat' dir='ltr'><strong>in</strong></span> <span class='ocrx_word' id='word_1_42' title='bbox 1085 819 1123 884; x_wconf 90' lang='lat' dir='ltr'><strong>iis</strong></span> <span class='ocrx_word' id='word_1_43' title='bbox 1143 821 1248 884; x_wconf 78' lang='lat' dir='ltr'><strong>Attico</strong></span> <span class='ocrx_word' id='word_1_44' title='bbox 1272 845 1315 885; x_wconf 86' lang='lat' dir='ltr'><strong>ne</strong></span> 
     </span>
     <span class='ocr_line' id='line_1_6' title="bbox 249 925 1315 1014; baseline -0.003 -24"><span class='ocrx_word' id='word_1_45' title='bbox 249 947 344 990; x_wconf 78' lang='lat' dir='ltr'><strong>eausa</strong></span> <span class='ocrx_word' id='word_1_46' title='bbox 355 927 424 990; x_wconf 85' lang='lat' dir='ltr'><strong>ulis</strong></span> <span class='ocrx_word' id='word_1_47' title='bbox 436 925 568 1014; x_wconf 87' lang='lat' dir='ltr'><strong>quidem</strong></span> <span class='ocrx_word' id='word_1_48' title='bbox 578 942 677 1007; x_wconf 81' lang='lat' dir='ltr'><strong>esset,</strong></span> <span class='ocrx_word' id='word_1_49' title='bbox 692 927 868 1013; x_wconf 88' lang='lat' dir='ltr'><strong>quominus</strong></span> <span class='ocrx_word' id='word_1_50' title='bbox 876 925 912 989; x_wconf 85' lang='lat' dir='ltr'><strong>id</strong></span> <span class='ocrx_word' id='word_1_51' title='bbox 922 925 1125 991; x_wconf 83' lang='lat' dir='ltr'><strong>concederet.</strong></span> <span class='ocrx_word' id='word_1_52' title='bbox 1133 925 1315 1014; x_wconf 72' lang='lat' dir='ltr'><strong>Divulgatis</strong></span> 
     </span>
     <span class='ocr_line' id='line_1_7' title="bbox 249 1031 1315 1120; baseline 0 -24"><span class='ocrx_word' id='word_1_53' title='bbox 249 1049 356 1096; x_wconf 88' lang='lat' dir='ltr'><strong>autem</strong></span> <span class='ocrx_word' id='word_1_54' title='bbox 362 1033 429 1112; x_wconf 83' lang='lat' dir='ltr'><strong>jam</strong></span> <span class='ocrx_word' id='word_1_55' title='bbox 438 1031 684 1119; x_wconf 82' lang='lat' dir='ltr'><strong>exemplaribus,</strong></span> <span class='ocrx_word' id='word_1_56' title='bbox 695 1031 782 1096; x_wconf 87' lang='lat' dir='ltr'><strong>nulla</strong></span> <span class='ocrx_word' id='word_1_57' title='bbox 794 1031 885 1114; x_wconf 86' lang='lat' dir='ltr'><strong>huic,</strong></span> <span class='ocrx_word' id='word_1_58' title='bbox 895 1032 947 1095; x_wconf 81' lang='lat' dir='ltr'><strong>vei</strong></span> <span class='ocrx_word' id='word_1_59' title='bbox 958 1031 1164 1120; x_wconf 76' lang='lat' dir='ltr'><strong>religiosiori,</strong></span> <span class='ocrx_word' id='word_1_60' title='bbox 1174 1033 1315 1118; x_wconf 81' lang='lat' dir='ltr'><strong>amplius</strong></span> 
     </span>
     <span class='ocr_line' id='line_1_8' title="bbox 248 1135 1316 1230; baseline -0.001 -29"><span class='ocrx_word' id='word_1_61' title='bbox 248 1138 329 1201; x_wconf 84' lang='lat' dir='ltr'><strong>ratio</strong></span> <span class='ocrx_word' id='word_1_62' title='bbox 345 1151 427 1215; x_wconf 86' lang='lat' dir='ltr'><strong>erat,</strong></span> <span class='ocrx_word' id='word_1_63' title='bbox 444 1157 513 1230; x_wconf 83' lang='lat' dir='ltr'><strong>our,</strong></span> <span class='ocrx_word' id='word_1_64' title='bbox 532 1159 604 1224; x_wconf 83' lang='lat' dir='ltr'><strong>quae</strong></span> <span class='ocrx_word' id='word_1_65' title='bbox 623 1135 783 1224; x_wconf 79' lang='lat' dir='ltr'><strong>descripte</strong></span> <span class='ocrx_word' id='word_1_66' title='bbox 798 1138 948 1218; x_wconf 77' lang='lat' dir='ltr'><strong>haberet,</strong></span> <span class='ocrx_word' id='word_1_67' title='bbox 965 1160 1002 1202; x_wconf 90' lang='lat' dir='ltr'><strong>ea</strong></span> <span class='ocrx_word' id='word_1_68' title='bbox 1020 1139 1137 1200; x_wconf 84' lang='lat' dir='ltr'><strong>frustra</strong></span> <span class='ocrx_word' id='word_1_69' title='bbox 1154 1135 1316 1225; x_wconf 79' lang='lat' dir='ltr'><strong>descripta</strong></span> 
     </span>
     <span class='ocr_line' id='line_1_9' title="bbox 249 1241 1316 1331; baseline -0.001 -24"><span class='ocrx_word' id='word_1_70' title='bbox 249 1265 317 1308; x_wconf 87' lang='lat' dir='ltr'><strong>esse</strong></span> <span class='ocrx_word' id='word_1_71' title='bbox 334 1245 450 1308; x_wconf 86' lang='lat' dir='ltr'><strong>veliet:</strong></span> <span class='ocrx_word' id='word_1_72' title='bbox 470 1244 497 1306; x_wconf 89' lang='lat' dir='ltr'><strong>si</strong></span> <span class='ocrx_word' id='word_1_73' title='bbox 515 1243 565 1306; x_wconf 82' lang='lat' dir='ltr'><strong>rei</strong></span> <span class='ocrx_word' id='word_1_74' title='bbox 582 1243 646 1306; x_wconf 86' lang='lat' dir='ltr'><strong>hoo</strong></span> <span class='ocrx_word' id='word_1_75' title='bbox 663 1243 867 1324; x_wconf 83' lang='lat' dir='ltr'><strong>omittamus,</strong></span> <span class='ocrx_word' id='word_1_76' title='bbox 889 1241 979 1331; x_wconf 91' lang='lat' dir='ltr'><strong>quod</strong></span> <span class='ocrx_word' id='word_1_77' title='bbox 1002 1244 1164 1331; x_wconf 82' lang='lat' dir='ltr'><strong>suppressi</strong></span> <span class='ocrx_word' id='word_1_78' title='bbox 1182 1243 1255 1306; x_wconf 88' lang='lat' dir='ltr'><strong>iibri</strong></span> <span class='ocrx_word' id='word_1_79' title='bbox 1274 1266 1316 1306; x_wconf 88' lang='lat' dir='ltr'><strong>eo</strong></span> 
     </span>
     <span class='ocr_line' id='line_1_10' title="bbox 249 1347 1317 1437; baseline 0 -24"><span class='ocrx_word' id='word_1_80' title='bbox 249 1348 398 1437; x_wconf 84' lang='lat' dir='ltr'><strong>cupidius</strong></span> <span class='ocrx_word' id='word_1_81' title='bbox 421 1365 612 1436; x_wconf 66' lang='lat' dir='ltr'><strong>queruntur</strong></span> <span class='ocrx_word' id='word_1_82' title='bbox 634 1347 697 1436; x_wconf 88' lang='lat' dir='ltr'><strong>(ut</strong></span> <span class='ocrx_word' id='word_1_83' title='bbox 718 1348 806 1436; x_wconf 92' lang='lat' dir='ltr'><strong>apud</strong></span> <span class='ocrx_word' id='word_1_84' title='bbox 829 1371 889 1412; x_wconf 87' lang='lat' dir='ltr'><strong>nos</strong></span> <span class='ocrx_word' id='word_1_85' title='bbox 912 1349 946 1430; x_wconf 84' lang='lat' dir='ltr'><strong>ip</strong></span> <span class='ocrx_word' id='word_1_86' title='bbox 968 1349 1098 1437; x_wconf 85' lang='lat' dir='ltr'><strong>pubiioe</strong></span> <span class='ocrx_word' id='word_1_87' title='bbox 1123 1349 1227 1413; x_wconf 83' lang='lat' dir='ltr'><strong>vetitis</strong></span> <span class='ocrx_word' id='word_1_88' title='bbox 1251 1372 1317 1413; x_wconf 76' lang='lat' dir='ltr'><strong>usu</strong></span> 
     </span>
     <span class='ocr_line' id='line_1_11' title="bbox 247 1452 1317 1541; baseline 0 -23"><span class='ocrx_word' id='word_1_89' title='bbox 247 1452 1317 1541; x_wconf 62' lang='lat' dir='ltr'><strong>veniresolet):Atticusautemntddigenspetep‘amiliaslaudattn.</strong></span> 
     </span>
     <span class='ocr_line' id='line_1_12' title="bbox 247 1559 1320 1648; baseline 0.002 -26"><span class='ocrx_word' id='word_1_90' title='bbox 247 1561 344 1622; x_wconf 69' lang='lat' dir='ltr'><strong>-Ae</strong></span> <span class='ocrx_word' id='word_1_91' title='bbox 359 1559 565 1624; x_wconf 83' lang='lat' dir='ltr'><strong>incommoda</strong></span> <span class='ocrx_word' id='word_1_92' title='bbox 584 1560 731 1623; x_wconf 78' lang='lat' dir='ltr'><strong>Ciceroni</strong></span> <span class='ocrx_word' id='word_1_93' title='bbox 744 1559 820 1624; x_wconf 86' lang='lat' dir='ltr'><strong>inde</strong></span> <span class='ocrx_word' id='word_1_94' title='bbox 834 1561 950 1624; x_wconf 81' lang='lat' dir='ltr'><strong>exoriri</strong></span> <span class='ocrx_word' id='word_1_95' title='bbox 965 1577 1123 1648; x_wconf 87' lang='lat' dir='ltr'><strong>poterant.</strong></span> <span class='ocrx_word' id='word_1_96' title='bbox 1141 1597 1186 1610; x_wconf 84' lang='grc'>-</span> <span class='ocrx_word' id='word_1_97' title='bbox 1201 1560 1320 1624; x_wconf 83' lang='lat' dir='ltr'><strong>Primo</strong></span> 
     </span>
     <span class='ocr_line' id='line_1_13' title="bbox 249 1664 1318 1754; baseline 0.002 -27"><span class='ocrx_word' id='word_1_98' title='bbox 249 1665 417 1752; x_wconf 81' lang='lat' dir='ltr'><strong>quaenam?</strong></span> <span class='ocrx_word' id='word_1_99' title='bbox 428 1665 564 1746; x_wconf 86' lang='lat' dir='ltr'><strong>deinde,</strong></span> <span class='ocrx_word' id='word_1_100' title='bbox 577 1665 680 1752; x_wconf 81' lang='lat' dir='ltr'><strong>quid?</strong></span> <span class='ocrx_word' id='word_1_101' title='bbox 691 1667 733 1743; x_wconf 87' lang='lat' dir='ltr'><strong>si,</strong></span> <span class='ocrx_word' id='word_1_102' title='bbox 744 1683 916 1754; x_wconf 85' lang='lat' dir='ltr'><strong>antequam</strong></span> <span class='ocrx_word' id='word_1_103' title='bbox 930 1665 1000 1729; x_wconf 85' lang='lat' dir='ltr'><strong>hmo</strong></span> <span class='ocrx_word' id='word_1_104' title='bbox 1011 1664 1135 1730; x_wconf 81' lang='lat' dir='ltr'><strong>edenda</strong></span> <span class='ocrx_word' id='word_1_105' title='bbox 1145 1666 1318 1747; x_wconf 72' lang='lat' dir='ltr'><strong>volubset,</strong></span> 
     </span>
     <span class='ocr_line' id='line_1_14' title="bbox 248 1770 1318 1861; baseline 0 -27"><span class='ocrx_word' id='word_1_106' title='bbox 248 1770 300 1834; x_wconf 87' lang='lat' dir='ltr'><strong>ilia</strong></span> <span class='ocrx_word' id='word_1_107' title='bbox 317 1773 383 1852; x_wconf 76' lang='lat' dir='ltr'><strong>jam</strong></span> <span class='ocrx_word' id='word_1_108' title='bbox 403 1771 487 1836; x_wconf 88' lang='lat' dir='ltr'><strong>edita</strong></span> <span class='ocrx_word' id='word_1_109' title='bbox 512 1772 672 1835; x_wconf 75' lang='lat' dir='ltr'><strong>fuissent?</strong></span> <span class='ocrx_word' id='word_1_110' title='bbox 692 1809 736 1824; x_wconf 87' lang='lat'><strong>·-</strong></span> <span class='ocrx_word' id='word_1_111' title='bbox 752 1773 815 1837; x_wconf 83' lang='lat' dir='ltr'><strong>Sed</strong></span> <span class='ocrx_word' id='word_1_112' title='bbox 835 1775 1013 1861; x_wconf 75' lang='lat' dir='ltr'><strong>posteriora</strong></span> <span class='ocrx_word' id='word_1_113' title='bbox 1031 1770 1222 1837; x_wconf 72' lang='lat' dir='ltr'><strong>Auademioa</strong></span> <span class='ocrx_word' id='word_1_114' title='bbox 1244 1793 1318 1835; x_wconf 90' lang='lat' dir='ltr'><strong>non</strong></span> 
     </span>
     <span class='ocr_line' id='line_1_15' title="bbox 248 1875 1318 1965; baseline 0.001 -27"><span class='ocrx_word' id='word_1_115' title='bbox 248 1893 340 1939; x_wconf 84' lang='lat' dir='ltr'><strong>erant</strong></span> <span class='ocrx_word' id='word_1_116' title='bbox 356 1875 437 1941; x_wconf 83' lang='lat' dir='ltr'><strong>adeo</strong></span> <span class='ocrx_word' id='word_1_117' title='bbox 455 1877 561 1965; x_wconf 86' lang='lat' dir='ltr'><strong>magni</strong></span> <span class='ocrx_word' id='word_1_118' title='bbox 577 1877 761 1941; x_wconf 79' lang='lat' dir='ltr'><strong>voluminis.</strong></span> <span class='ocrx_word' id='word_1_119' title='bbox 780 1913 823 1926; x_wconf 89' lang='lat'><strong>--</strong></span> <span class='ocrx_word' id='word_1_120' title='bbox 838 1877 968 1959; x_wconf 86' lang='lat' dir='ltr'><strong>Majoris</strong></span> <span class='ocrx_word' id='word_1_121' title='bbox 986 1893 1071 1940; x_wconf 84' lang='lat' dir='ltr'><strong>uerte</strong></span> <span class='ocrx_word' id='word_1_122' title='bbox 1087 1893 1194 1956; x_wconf 74' lang='lat' dir='ltr'><strong>erunt,</strong></span> <span class='ocrx_word' id='word_1_123' title='bbox 1213 1898 1318 1963; x_wconf 88' lang='lat' dir='ltr'><strong>quam</strong></span> 
     </span>
     <span class='ocr_line' id='line_1_16' title="bbox 247 1981 1319 2072; baseline 0 -26"><span class='ocrx_word' id='word_1_124' title='bbox 247 1998 286 2046; x_wconf 88' lang='grc' dir='ltr'><strong>ιιι</strong></span> <span class='ocrx_word' id='word_1_125' title='bbox 309 1982 428 2070; x_wconf 79' lang='lat' dir='ltr'><strong>singuli</strong></span> <span class='ocrx_word' id='word_1_126' title='bbox 453 1983 526 2045; x_wconf 87' lang='lat' dir='ltr'><strong>libri</strong></span> <span class='ocrx_word' id='word_1_127' title='bbox 550 1999 615 2045; x_wconf 84' lang='lat' dir='ltr'><strong>tam</strong></span> <span class='ocrx_word' id='word_1_128' title='bbox 642 2003 743 2070; x_wconf 81' lang='lat' dir='ltr'><strong>pauca</strong></span> <span class='ocrx_word' id='word_1_129' title='bbox 765 1983 869 2072; x_wconf 81' lang='lat' dir='ltr'><strong>eapite</strong></span> <span class='ocrx_word' id='word_1_130' title='bbox 888 1981 1192 2071; x_wconf 80' lang='lat' dir='ltr'><strong>complecterentur,</strong></span> <span class='ocrx_word' id='word_1_131' title='bbox 1213 2003 1319 2069; x_wconf 84' lang='lat' dir='ltr'><strong>quam</strong></span> 
     </span>
     <span class='ocr_line' id='line_1_17' title="bbox 248 2085 1320 2175; baseline 0 -26"><span class='ocrx_word' id='word_1_132' title='bbox 248 2107 349 2174; x_wconf 83' lang='lat' dir='ltr'><strong>pauca</strong></span> <span class='ocrx_word' id='word_1_133' title='bbox 365 2087 470 2150; x_wconf 85' lang='lat' dir='ltr'><strong>tribus</strong></span> <span class='ocrx_word' id='word_1_134' title='bbox 482 2087 551 2150; x_wconf 83' lang='lat' dir='ltr'><strong>istis</strong></span> <span class='ocrx_word' id='word_1_135' title='bbox 565 2109 604 2150; x_wconf 86' lang='lat' dir='ltr'><strong>ex</strong></span> <span class='ocrx_word' id='word_1_136' title='bbox 617 2085 756 2151; x_wconf 82' lang='lat' dir='ltr'><strong>dissecto</strong></span> <span class='ocrx_word' id='word_1_137' title='bbox 766 2089 902 2152; x_wconf 84' lang='lat' dir='ltr'><strong>Lueuiio</strong></span> <span class='ocrx_word' id='word_1_138' title='bbox 912 2089 1151 2175; x_wconf 83' lang='lat' dir='ltr'><strong>relinquuntur.</strong></span> <span class='ocrx_word' id='word_1_139' title='bbox 1172 2089 1320 2175; x_wconf 79' lang='lat' dir='ltr'><strong>Urgetur</strong></span> 
     </span>
     <span class='ocr_line' id='line_1_18' title="bbox 249 2191 1316 2282; baseline 0.004 -28"><span class='ocrx_word' id='word_1_140' title='bbox 249 2191 368 2255; x_wconf 83' lang='lat' dir='ltr'><strong>deinde</strong></span> <span class='ocrx_word' id='word_1_141' title='bbox 382 2193 537 2278; x_wconf 82' lang='lat' dir='ltr'><strong>temporis</strong></span> <span class='ocrx_word' id='word_1_142' title='bbox 548 2193 703 2275; x_wconf 79' lang='lat' dir='ltr'><strong>brevitas,</strong></span> <span class='ocrx_word' id='word_1_143' title='bbox 718 2209 757 2256; x_wconf 88' lang='lat' dir='ltr'><strong>ut</strong></span> <span class='ocrx_word' id='word_1_144' title='bbox 768 2210 852 2258; x_wconf 82' lang='lat' dir='ltr'><strong>certe</strong></span> <span class='ocrx_word' id='word_1_145' title='bbox 864 2215 965 2282; x_wconf 86' lang='lat' dir='ltr'><strong>panea</strong></span> <span class='ocrx_word' id='word_1_146' title='bbox 979 2209 1101 2256; x_wconf 77' lang='lat' dir='ltr'><strong>mutata</strong></span> <span class='ocrx_word' id='word_1_147' title='bbox 1113 2213 1182 2256; x_wconf 81' lang='lat' dir='ltr'><strong>esse</strong></span> <span class='ocrx_word' id='word_1_148' title='bbox 1192 2191 1316 2258; x_wconf 80' lang='lat' dir='ltr'><strong>videas.</strong></span> 
     </span>
     <span class='ocr_line' id='line_1_19' title="bbox 249 2295 1320 2385; baseline 0.001 -27"><span class='ocrx_word' id='word_1_149' title='bbox 249 2297 292 2358; x_wconf 89' lang='grc' dir='ltr'>Ει</span> <span class='ocrx_word' id='word_1_150' title='bbox 305 2295 421 2360; x_wconf 88' lang='lat' dir='ltr'><strong>demus</strong></span> <span class='ocrx_word' id='word_1_151' title='bbox 433 2317 526 2376; x_wconf 84' lang='lat' dir='ltr'><strong>sane,</strong></span> <span class='ocrx_word' id='word_1_152' title='bbox 544 2296 635 2385; x_wconf 87' lang='lat' dir='ltr'><strong>qnod</strong></span> <span class='ocrx_word' id='word_1_153' title='bbox 650 2299 733 2362; x_wconf 83' lang='lat' dir='ltr'><strong>forte</strong></span> <span class='ocrx_word' id='word_1_154' title='bbox 746 2319 816 2361; x_wconf 89' lang='lat' dir='ltr'><strong>non</strong></span> <span class='ocrx_word' id='word_1_155' title='bbox 830 2297 1044 2378; x_wconf 82' lang='lat' dir='ltr'><strong>debebamus,</strong></span> <span class='ocrx_word' id='word_1_156' title='bbox 1056 2319 1174 2385; x_wconf 66' lang='lat' dir='ltr'><strong>panas</strong></span> <span class='ocrx_word' id='word_1_157' title='bbox 1189 2296 1320 2360; x_wconf 81' lang='lat' dir='ltr'><strong>hebdo-</strong></span> 
     </span>
     <span class='ocr_line' id='line_1_20' title="bbox 249 2399 1319 2484; baseline 0.003 -20"><span class='ocrx_word' id='word_1_158' title='bbox 249 2399 377 2482; x_wconf 80' lang='lat' dir='ltr'><strong>madas,</strong></span> <span class='ocrx_word' id='word_1_159' title='bbox 400 2403 451 2465; x_wconf 83' lang='lat' dir='ltr'><strong>rel</strong></span> <span class='ocrx_word' id='word_1_160' title='bbox 473 2400 554 2466; x_wconf 76' lang='lat' dir='ltr'><strong>adeo</strong></span> <span class='ocrx_word' id='word_1_161' title='bbox 577 2401 663 2482; x_wconf 79' lang='lat' dir='ltr'><strong>tiies,</strong></span> <span class='ocrx_word' id='word_1_162' title='bbox 685 2401 850 2484; x_wconf 82' lang='lat' dir='ltr'><strong>Ciceroni,</strong></span> <span class='ocrx_word' id='word_1_163' title='bbox 873 2405 941 2468; x_wconf 82' lang='lat' dir='ltr'><strong>otio</strong></span> <span class='ocrx_word' id='word_1_164' title='bbox 964 2402 1157 2479; x_wconf 77' lang='lat' dir='ltr'><strong>abundanti,</strong></span> <span class='ocrx_word' id='word_1_165' title='bbox 1180 2402 1221 2466; x_wconf 90' lang='lat' dir='ltr'><strong>ad</strong></span> <span class='ocrx_word' id='word_1_166' title='bbox 1243 2402 1319 2467; x_wconf 76' lang='lat' dir='ltr'><strong>haee</strong></span> 
     </span>
     <span class='ocr_line' id='line_1_21' title="bbox 248 2504 1317 2596; baseline 0.003 -28"><span class='ocrx_word' id='word_1_167' title='bbox 248 2504 434 2595; x_wconf 86' lang='lat' dir='ltr'><strong>refingenda</strong></span> <span class='ocrx_word' id='word_1_168' title='bbox 445 2527 513 2571; x_wconf 83' lang='lat' dir='ltr'><strong>essa</strong></span> <span class='ocrx_word' id='word_1_169' title='bbox 524 2508 729 2595; x_wconf 82' lang='lat' dir='ltr'><strong>absumptas:</strong></span> <span class='ocrx_word' id='word_1_170' title='bbox 743 2509 950 2572; x_wconf 74' lang='lat' dir='ltr'><strong>transtulerat</strong></span> <span class='ocrx_word' id='word_1_171' title='bbox 960 2509 1013 2572; x_wconf 87' lang='lat' dir='ltr'><strong>hie</strong></span> <span class='ocrx_word' id='word_1_172' title='bbox 1021 2509 1089 2587; x_wconf 83' lang='lat' dir='ltr'><strong>jam</strong></span> <span class='ocrx_word' id='word_1_173' title='bbox 1099 2507 1187 2596; x_wconf 87' lang='lat' dir='ltr'><strong>prius</strong></span> <span class='ocrx_word' id='word_1_174' title='bbox 1199 2507 1317 2572; x_wconf 77' lang='lat' dir='ltr'><strong>eadem</strong></span> 
     </span>
     <span class='ocr_line' id='line_1_22' title="bbox 246 2609 1317 2702; baseline 0.004 -29"><span class='ocrx_word' id='word_1_175' title='bbox 246 2611 359 2676; x_wconf 75' lang='lat' dir='ltr'><strong>itaut</strong></span> <span class='ocrx_word' id='word_1_176' title='bbox 372 2611 519 2676; x_wconf 83' lang='lat' dir='ltr'><strong>Catonem</strong></span> <span class='ocrx_word' id='word_1_177' title='bbox 532 2613 724 2702; x_wconf 79' lang='lat' dir='ltr'><strong>Brutumque</strong></span> <span class='ocrx_word' id='word_1_178' title='bbox 736 2613 795 2701; x_wconf 83' lang='lat' dir='ltr'><strong>(of.</strong></span> <span class='ocrx_word' id='word_1_179' title='bbox 808 2633 858 2701; x_wconf 86' lang='lat' dir='ltr'><strong>ep.</strong></span> <span class='ocrx_word' id='word_1_180' title='bbox 876 2615 949 2697; x_wconf 78' lang='lat'>16):</span> <span class='ocrx_word' id='word_1_181' title='bbox 964 2635 1036 2701; x_wconf 80' lang='lat' dir='ltr'><strong>quae</strong></span> <span class='ocrx_word' id='word_1_182' title='bbox 1047 2615 1147 2702; x_wconf 82' lang='lat' dir='ltr'><strong>igitur</strong></span> <span class='ocrx_word' id='word_1_183' title='bbox 1157 2609 1317 2678; x_wconf 80' lang='lat' dir='ltr'><strong>mutanda</strong></span> 
     </span>
     <span class='ocr_line' id='line_1_23' title="bbox 246 2715 1318 2807; baseline 0.004 -27"><span class='ocrx_word' id='word_1_184' title='bbox 246 2715 409 2800; x_wconf 75' lang='lat' dir='ltr'><strong>voluerat,</strong></span> <span class='ocrx_word' id='word_1_185' title='bbox 433 2718 561 2805; x_wconf 86' lang='lat' dir='ltr'><strong>potiora</strong></span> <span class='ocrx_word' id='word_1_186' title='bbox 582 2735 705 2782; x_wconf 85' lang='lat' dir='ltr'><strong>mutata</strong></span> <span class='ocrx_word' id='word_1_187' title='bbox 729 2719 775 2782; x_wconf 86' lang='lat' dir='ltr'><strong>sic</strong></span> <span class='ocrx_word' id='word_1_188' title='bbox 798 2716 925 2782; x_wconf 88' lang='lat' dir='ltr'><strong>dudum</strong></span> <span class='ocrx_word' id='word_1_189' title='bbox 946 2733 984 2782; x_wconf 82' lang='lat' dir='ltr'><strong>et</strong></span> <span class='ocrx_word' id='word_1_190' title='bbox 999 2740 1067 2784; x_wconf 83' lang='lat' dir='ltr'><strong>esse</strong></span> <span class='ocrx_word' id='word_1_191' title='bbox 1091 2736 1255 2807; x_wconf 73' lang='lat' dir='ltr'><strong>poterant,</strong></span> <span class='ocrx_word' id='word_1_192' title='bbox 1280 2737 1318 2784; x_wconf 84' lang='lat' dir='ltr'><strong>et</strong></span> 
     </span>
     <span class='ocr_line' id='line_1_24' title="bbox 248 2822 1317 2907; baseline 0.006 -23"><span class='ocrx_word' id='word_1_193' title='bbox 248 2823 337 2885; x_wconf 89' lang='lat' dir='ltr'><strong>haud</strong></span> <span class='ocrx_word' id='word_1_194' title='bbox 365 2823 463 2888; x_wconf 90' lang='lat' dir='ltr'><strong>dubie</strong></span> <span class='ocrx_word' id='word_1_195' title='bbox 492 2840 602 2904; x_wconf 89' lang='lat' dir='ltr'><strong>erant,</strong></span> <span class='ocrx_word' id='word_1_196' title='bbox 631 2839 668 2886; x_wconf 88' lang='lat' dir='ltr'><strong>ut</strong></span> <span class='ocrx_word' id='word_1_197' title='bbox 694 2823 812 2888; x_wconf 91' lang='lat' dir='ltr'><strong>deinde</strong></span> <span class='ocrx_word' id='word_1_198' title='bbox 841 2822 1033 2889; x_wconf 78' lang='lat' dir='ltr'><strong>videbimus.</strong></span> <span class='ocrx_word' id='word_1_199' title='bbox 1065 2826 1172 2907; x_wconf 88' lang='lat' dir='ltr'><strong>Quam</strong></span> <span class='ocrx_word' id='word_1_200' title='bbox 1202 2841 1317 2890; x_wconf 80' lang='lat' dir='ltr'><strong>coacte</strong></span> 
     </span>
     <span class='ocr_line' id='line_1_25' title="bbox 247 2926 1315 3018; baseline 0.006 -28"><span class='ocrx_word' id='word_1_201' title='bbox 247 2926 404 3014; x_wconf 79' lang='lat' dir='ltr'><strong>demque,</strong></span> <span class='ocrx_word' id='word_1_202' title='bbox 429 2929 455 2991; x_wconf 89' lang='lat' dir='ltr'><strong>si</strong></span> <span class='ocrx_word' id='word_1_203' title='bbox 477 2929 527 2992; x_wconf 83' lang='lat' dir='ltr'><strong>vei</strong></span> <span class='ocrx_word' id='word_1_204' title='bbox 547 2929 748 3018; x_wconf 86' lang='lat' dir='ltr'><strong>Chapmanni</strong></span> <span class='ocrx_word' id='word_1_205' title='bbox 772 2930 962 2994; x_wconf 75' lang='lat' dir='ltr'><strong>auctoritate</strong></span> <span class='ocrx_word' id='word_1_206' title='bbox 984 2928 1056 3011; x_wconf 83' lang='lat' dir='ltr'><strong>fiat,</strong></span> <span class='ocrx_word' id='word_1_207' title='bbox 1080 2930 1170 2994; x_wconf 86' lang='lat' dir='ltr'><strong>loeus</strong></span> <span class='ocrx_word' id='word_1_208' title='bbox 1189 2927 1241 2994; x_wconf 89' lang='lat' dir='ltr'><strong>iile</strong></span> <span class='ocrx_word' id='word_1_209' title='bbox 1258 2953 1315 3017; x_wconf 88' lang='lat' dir='ltr'><strong>ep.</strong></span> 
     </span>
     <span class='ocr_line' id='line_1_26' title="bbox 248 3031 1314 3125; baseline 0.004 -29"><span class='ocrx_word' id='word_1_210' title='bbox 248 3031 289 3097; x_wconf 79' lang='lat'><strong>32</strong></span> <span class='ocrx_word' id='word_1_211' title='bbox 308 3031 494 3122; x_wconf 82' lang='lat' dir='ltr'><strong>explicetur,</strong></span> <span class='ocrx_word' id='word_1_212' title='bbox 511 3055 578 3098; x_wconf 91' lang='lat' dir='ltr'><strong>non</strong></span> <span class='ocrx_word' id='word_1_213' title='bbox 598 3051 663 3115; x_wconf 80' lang='lat' dir='ltr'><strong>est,</strong></span> <span class='ocrx_word' id='word_1_214' title='bbox 681 3051 719 3098; x_wconf 86' lang='grc' dir='ltr'><strong>ιιι</strong></span> <span class='ocrx_word' id='word_1_215' title='bbox 734 3034 917 3100; x_wconf 81' lang='lat' dir='ltr'><strong>doceamus.</strong></span> <span class='ocrx_word' id='word_1_216' title='bbox 934 3036 987 3100; x_wconf 83' lang='lat' dir='ltr'><strong>Sic</strong></span> <span class='ocrx_word' id='word_1_217' title='bbox 1005 3037 1088 3100; x_wconf 88' lang='lat' dir='ltr'><strong>mire</strong></span> <span class='ocrx_word' id='word_1_218' title='bbox 1101 3037 1314 3125; x_wconf 86' lang='lat' dir='ltr'><strong>loquentem,</strong></span> 
     </span>
     <span class='ocr_line' id='line_1_27' title="bbox 246 3133 1315 3230; baseline 0.004 -28"><span class='ocrx_word' id='word_1_219' title='bbox 246 3139 292 3202; x_wconf 84' lang='lat' dir='ltr'><strong>sic</strong></span> <span class='ocrx_word' id='word_1_220' title='bbox 302 3133 464 3218; x_wconf 81' lang='lat' dir='ltr'><strong>jocantem</strong></span> <span class='ocrx_word' id='word_1_221' title='bbox 481 3140 669 3205; x_wconf 75' lang='lat' dir='ltr'><strong>Cineronem</strong></span> <span class='ocrx_word' id='word_1_222' title='bbox 681 3161 841 3230; x_wconf 82' lang='lat' dir='ltr'><strong>nusquam</strong></span> <span class='ocrx_word' id='word_1_223' title='bbox 855 3137 1138 3230; x_wconf 81' lang='lat' dir='ltr'><strong>deprehendimus.</strong></span> <span class='ocrx_word' id='word_1_224' title='bbox 1155 3139 1217 3206; x_wconf 89' lang='lat' dir='ltr'><strong>Sed</strong></span> <span class='ocrx_word' id='word_1_225' title='bbox 1230 3143 1315 3229; x_wconf 83' lang='lat' dir='ltr'><strong>qnid</strong></span> 
     </span>
     <span class='ocr_line' id='line_1_28' title="bbox 247 3245 1314 3331; baseline 0.005 -25"><span class='ocrx_word' id='word_1_226' title='bbox 247 3260 312 3324; x_wconf 86' lang='lat' dir='ltr'><strong>est,</strong></span> <span class='ocrx_word' id='word_1_227' title='bbox 332 3245 422 3331; x_wconf 88' lang='lat' dir='ltr'><strong>quod</strong></span> <span class='ocrx_word' id='word_1_228' title='bbox 437 3245 478 3310; x_wconf 87' lang='lat' dir='ltr'><strong>de</strong></span> <span class='ocrx_word' id='word_1_229' title='bbox 496 3265 606 3310; x_wconf 79' lang='lat' dir='ltr'><strong>errore</strong></span> <span class='ocrx_word' id='word_1_230' title='bbox 622 3247 697 3310; x_wconf 80' lang='lat' dir='ltr'><strong>viris</strong></span> <span class='ocrx_word' id='word_1_231' title='bbox 713 3246 835 3328; x_wconf 84' lang='lat' dir='ltr'><strong>doctis,</strong></span> <span class='ocrx_word' id='word_1_232' title='bbox 854 3267 871 3310; x_wconf 88' lang='lat' dir='ltr'><strong>a</strong></span> <span class='ocrx_word' id='word_1_233' title='bbox 891 3247 1093 3330; x_wconf 72' lang='lat' dir='ltr'><strong>Quintiliano</strong></span> <span class='ocrx_word' id='word_1_234' title='bbox 1109 3246 1202 3330; x_wconf 88' lang='lat' dir='ltr'><strong>inde,</strong></span> <span class='ocrx_word' id='word_1_235' title='bbox 1219 3269 1314 3311; x_wconf 87' lang='lat' dir='ltr'><strong>oom-</strong></span> 
     </span>
     <span class='ocr_line' id='line_1_29' title="bbox 248 3351 1313 3438; baseline 0.005 -27"><span class='ocrx_word' id='word_1_236' title='bbox 248 3351 357 3430; x_wconf 88' lang='lat' dir='ltr'><strong>muni,</strong></span> <span class='ocrx_word' id='word_1_237' title='bbox 379 3367 412 3414; x_wconf 89' lang='lat' dir='ltr'><strong>et</strong></span> <span class='ocrx_word' id='word_1_238' title='bbox 430 3371 470 3414; x_wconf 88' lang='lat' dir='ltr'><strong>eo</strong></span> <span class='ocrx_word' id='word_1_239' title='bbox 491 3354 712 3438; x_wconf 84' lang='lat' dir='ltr'><strong>potissimum,</strong></span> <span class='ocrx_word' id='word_1_240' title='bbox 736 3351 824 3416; x_wconf 85' lang='lat' dir='ltr'><strong>unde</strong></span> <span class='ocrx_word' id='word_1_241' title='bbox 847 3355 953 3417; x_wconf 84' lang='lat' dir='ltr'><strong>omnis</strong></span> <span class='ocrx_word' id='word_1_242' title='bbox 974 3351 1016 3417; x_wconf 90' lang='lat' dir='ltr'><strong>de</strong></span> <span class='ocrx_word' id='word_1_243' title='bbox 1040 3351 1175 3418; x_wconf 79' lang='lat' dir='ltr'><strong>Lucullo</strong></span> <span class='ocrx_word' id='word_1_244' title='bbox 1193 3353 1313 3417; x_wconf 86' lang='lat' dir='ltr'><strong>intres</strong></span> 
     </span>
     <span class='ocr_line' id='line_1_30' title="bbox 246 3453 1313 3546; baseline 0.004 -28"><span class='ocrx_word' id='word_1_245' title='bbox 246 3453 346 3518; x_wconf 84' lang='lat' dir='ltr'><strong>libros</strong></span> <span class='ocrx_word' id='word_1_246' title='bbox 359 3458 520 3542; x_wconf 77' lang='lat' dir='ltr'><strong>posterius</strong></span> <span class='ocrx_word' id='word_1_247' title='bbox 535 3459 688 3523; x_wconf 84' lang='lat' dir='ltr'><strong>translato</strong></span> <span class='ocrx_word' id='word_1_248' title='bbox 702 3457 908 3546; x_wconf 85' lang='lat' dir='ltr'><strong>probabilitas</strong></span> <span class='ocrx_word' id='word_1_249' title='bbox 921 3457 1074 3546; x_wconf 83' lang='lat' dir='ltr'><strong>pendeat,</strong></span> <span class='ocrx_word' id='word_1_250' title='bbox 1083 3457 1313 3546; x_wconf 83' lang='lat' dir='ltr'><strong>praetereundo</strong></span> 
     </span>
     <span class='ocr_line' id='line_1_31' title="bbox 248 3561 1312 3653; baseline 0.004 -32"><span class='ocrx_word' id='word_1_251' title='bbox 248 3575 393 3637; x_wconf 86' lang='lat' dir='ltr'><strong>tantum,</strong></span> <span class='ocrx_word' id='word_1_252' title='bbox 417 3575 450 3625; x_wconf 88' lang='lat' dir='ltr'><strong>et</strong></span> <span class='ocrx_word' id='word_1_253' title='bbox 469 3563 567 3626; x_wconf 84' lang='lat' dir='ltr'><strong>veluti</strong></span> <span class='ocrx_word' id='word_1_254' title='bbox 585 3561 672 3626; x_wconf 87' lang='lat' dir='ltr'><strong>aliud</strong></span> <span class='ocrx_word' id='word_1_255' title='bbox 690 3561 816 3650; x_wconf 82' lang='lat' dir='ltr'><strong>agendo</strong></span> <span class='ocrx_word' id='word_1_256' title='bbox 834 3563 1030 3628; x_wconf 68' lang='lat' dir='ltr'><strong>monemur?</strong></span> <span class='ocrx_word' id='word_1_257' title='bbox 1052 3563 1180 3628; x_wconf 79' lang='lat' dir='ltr'><strong>Catulus</strong></span> <span class='ocrx_word' id='word_1_258' title='bbox 1199 3561 1312 3653; x_wconf 63' lang='lat' dir='ltr'><strong>igitur,</strong></span> 
     </span>
     <span class='ocr_line' id='line_1_32' title="bbox 245 3665 1313 3757; baseline 0.006 -29"><span class='ocrx_word' id='word_1_259' title='bbox 245 3666 392 3755; x_wconf 85' lang='lat' dir='ltr'><strong>priorum</strong></span> <span class='ocrx_word' id='word_1_260' title='bbox 410 3665 531 3732; x_wconf 76' lang='lat' dir='ltr'><strong>Aoedd.</strong></span> <span class='ocrx_word' id='word_1_261' title='bbox 551 3671 639 3756; x_wconf 86' lang='lat' dir='ltr'><strong>prior</strong></span> <span class='ocrx_word' id='word_1_262' title='bbox 663 3669 744 3734; x_wconf 83' lang='lat' dir='ltr'><strong>iiber</strong></span> <span class='ocrx_word' id='word_1_263' title='bbox 764 3669 873 3733; x_wconf 76' lang='lat' dir='ltr'><strong>nutus</strong></span> <span class='ocrx_word' id='word_1_264' title='bbox 897 3689 1053 3757; x_wconf 79' lang='lat' dir='ltr'><strong>umqtrum</strong></span> <span class='ocrx_word' id='word_1_265' title='bbox 1076 3669 1215 3734; x_wconf 77' lang='lat' dir='ltr'><strong>exstitit?</strong></span> <span class='ocrx_word' id='word_1_266' title='bbox 1237 3669 1313 3734; x_wconf 85' lang='lat' dir='ltr'><strong>Hoo</strong></span> 
     </span>
     <span class='ocr_line' id='line_1_33' title="bbox 247 3769 1311 3865; baseline 0.004 -30"><span class='ocrx_word' id='word_1_267' title='bbox 247 3787 286 3836; x_wconf 86' lang='lat' dir='ltr'><strong>ut</strong></span> <span class='ocrx_word' id='word_1_268' title='bbox 303 3769 399 3836; x_wconf 82' lang='lat' dir='ltr'><strong>fidem</strong></span> <span class='ocrx_word' id='word_1_269' title='bbox 417 3789 558 3861; x_wconf 87' lang='lat' dir='ltr'><strong>pareret,</strong></span> <span class='ocrx_word' id='word_1_270' title='bbox 583 3776 731 3864; x_wconf 81' lang='lat' dir='ltr'><strong>gravibus</strong></span> <span class='ocrx_word' id='word_1_271' title='bbox 748 3777 946 3864; x_wconf 76' lang='lat' dir='ltr'><strong>argumentis</strong></span> <span class='ocrx_word' id='word_1_272' title='bbox 965 3773 1137 3865; x_wconf 77' lang='lat' dir='ltr'><strong>indigebat.</strong></span> <span class='ocrx_word' id='word_1_273' title='bbox 1161 3777 1203 3839; x_wconf 87' lang='grc' dir='ltr'>Αι</span> <span class='ocrx_word' id='word_1_274' title='bbox 1221 3775 1311 3839; x_wconf 82' lang='lat' dir='ltr'><strong>uuila</strong></span> 
     </span>
     <span class='ocr_line' id='line_1_34' title="bbox 247 3877 1311 3970; baseline 0.003 -29"><span class='ocrx_word' id='word_1_275' title='bbox 247 3877 447 3961; x_wconf 57' lang='lat' dir='ltr'><strong>afferuntur}</strong></span> <span class='ocrx_word' id='word_1_276' title='bbox 477 3879 543 3943; x_wconf 80' lang='lat' dir='ltr'><strong>sola</strong></span> <span class='ocrx_word' id='word_1_277' title='bbox 574 3879 636 3943; x_wconf 83' lang='lat' dir='ltr'><strong>Ioci</strong></span> <span class='ocrx_word' id='word_1_278' title='bbox 664 3881 865 3946; x_wconf 76' lang='lat' dir='ltr'><strong>ciceroniani</strong></span> <span class='ocrx_word' id='word_1_279' title='bbox 894 3881 1175 3970; x_wconf 81' lang='lat' dir='ltr'><strong>interpretatione,</strong></span> <span class='ocrx_word' id='word_1_280' title='bbox 1206 3899 1311 3967; x_wconf 78' lang='lat' dir='ltr'><strong>eaque</strong></span> 
     </span>
     <span class='ocr_line' id='line_1_35' title="bbox 246 3985 1308 4075; baseline 0 -28"><span class='ocrx_word' id='word_1_281' title='bbox 246 4005 402 4073; x_wconf 81' lang='lat' dir='ltr'><strong>perquam</strong></span> <span class='ocrx_word' id='word_1_282' title='bbox 418 4001 543 4065; x_wconf 80' lang='lat' dir='ltr'><strong>coacta,</strong></span> <span class='ocrx_word' id='word_1_283' title='bbox 560 3988 715 4050; x_wconf 83' lang='lat' dir='ltr'><strong>sententia</strong></span> <span class='ocrx_word' id='word_1_284' title='bbox 734 3987 856 4052; x_wconf 86' lang='lat' dir='ltr'><strong>nititur.</strong></span> <span class='ocrx_word' id='word_1_285' title='bbox 872 3989 921 4056; x_wconf 86' lang='lat' dir='ltr'><strong>Ne</strong></span> <span class='ocrx_word' id='word_1_286' title='bbox 937 3987 1001 4051; x_wconf 89' lang='lat' dir='ltr'><strong>boc</strong></span> <span class='ocrx_word' id='word_1_287' title='bbox 1016 3985 1147 4075; x_wconf 82' lang='lat' dir='ltr'><strong>quidem</strong></span> <span class='ocrx_word' id='word_1_288' title='bbox 1162 4002 1308 4074; x_wconf 82' lang='lat' dir='ltr'><strong>urgetur,</strong></span> 
     </span>
     <span class='ocr_line' id='line_1_36' title="bbox 247 4089 1309 4180; baseline 0 -26"><span class='ocrx_word' id='word_1_289' title='bbox 247 4089 337 4178; x_wconf 85' lang='lat' dir='ltr'><strong>quod</strong></span> <span class='ocrx_word' id='word_1_290' title='bbox 354 4091 501 4179; x_wconf 85' lang='lat' dir='ltr'><strong>nuspiam</strong></span> <span class='ocrx_word' id='word_1_291' title='bbox 520 4091 619 4172; x_wconf 77' lang='lat' dir='ltr'><strong>buius</strong></span> <span class='ocrx_word' id='word_1_292' title='bbox 632 4091 706 4156; x_wconf 83' lang='lat' dir='ltr'><strong>libri</strong></span> <span class='ocrx_word' id='word_1_293' title='bbox 723 4091 810 4180; x_wconf 85' lang='lat' dir='ltr'><strong>apud</strong></span> <span class='ocrx_word' id='word_1_294' title='bbox 826 4109 972 4158; x_wconf 79' lang='lat' dir='ltr'><strong>veterum</strong></span> <span class='ocrx_word' id='word_1_295' title='bbox 988 4111 1186 4180; x_wconf 77' lang='lat' dir='ltr'><strong>quemquem</strong></span> <span class='ocrx_word' id='word_1_296' title='bbox 1200 4109 1309 4178; x_wconf 84' lang='lat' dir='ltr'><strong>nequo</strong></span> 
     </span>
    </p>
   </div>
   <div class='ocr_carea' id='block_1_4' title="bbox 0 0 1392 4688">
    <p class='ocr_par' dir='ltr' id='par_1_4' title="bbox 0 0 1392 4688">
     <span class='ocr_line' id='line_1_37' title="bbox 0 0 1392 4688; baseline 0 0"><span class='ocrx_word' id='word_1_297' title='bbox 0 0 1392 4688; x_wconf 95' lang='lat' dir='ltr'><strong> </strong></span> 
     </span>
    </p>
   </div>
  </div>
 </body>
</html>
