2762 4682
247 377 292 448 sa
428 357 434 370 '
519 431 521 438 .
610 375 941 446 tumonncrm.

242 502 288 568 sic
306 499 391 583 dicta
410 514 519 564 sunto.
534 498 648 582 Quum
663 499 781 588 triplici
797 499 925 564 animus
937 497 1110 564 affectione
1127 516 1330 582 moveatur,

241 623 300 672 aut
316 607 404 670 enim
417 604 542 670 visione
560 603 713 686 afficitur,
730 619 787 668 aut
800 603 1001 693 appetitione
1012 620 1174 688 moretur,
1189 621 1255 670 aut
1273 629 1329 670 as·

242 713 400 778 sentitur:
422 707 710 798 priorcm'quidcm
722 709 919 790 motionem,
932 729 995 772 nec
1008 707 1034 772 si
1049 708 1126 772 velit
1140 709 1231 797 quis,
1248 733 1331 799 pro·

242 818 355 883 bibere
367 816 488 906 possit:
501 837 632 880 necesse
640 814 728 880 euim
740 831 804 897 eat,
820 829 976 879 utrarum
987 815 1225 879 incurrentium
1247 815 1329 880 effi-

233 926 311 1015 ·gies
333 923 427 988 nobis
446 923 678 1010 imprimantur
699 936 797 1009 atque
813 919 855 985 ab
876 919 937 984 illis
957 917 1147 984 afficiamur.
1171 922 1215 986 At
1240 944 1330 986 vero

241 1027 446 1119 appetitionis
465 1025 608 1113 [affectio
619 1041 676 1090 aut
687 1025 832 1113 facultas]
850 1047 870 1088 a
885 1025 1054 1112 phantasia
1066 1025 1203 1089 excitata
1220 1026 1269 1091 ad
1288 1049 1328 1091 aa

243 1158 316 1224 quat
340 1131 586 1200 accommodata
610 1131 652 1196 ad
673 1148 824 1196 naturam
845 1146 926 1195 sunt
950 1129 1123 1220 capienda,
1145 1131 1328 1198 bominem

242 1241 396 1330 impellit,
408 1237 548 1328 quadam
568 1237 602 1302 in
625 1237 772 1326 principe
786 1236 885 1302 animi
904 1251 996 1324 parte
1020 1235 1135 1325 [quasi
1149 1238 1184 1301 in
1199 1239 1327 1328 lance]

241 1350 461 1439 propensione
477 1363 511 1412 et
527 1361 613 1410 nutu
628 1346 815 1410 exsistente.
834 1345 905 1410 Nec
921 1345 1006 1410 hanc
1019 1367 1097 1411 vero
1108 1346 1327 1411 affectionem

240 1455 378 1538 tollunt,
395 1453 453 1542 qui
471 1453 506 1517 iu
525 1451 680 1532 omnibus
700 1451 920 1516 assensionem
933 1452 1097 1518 retinent:
1117 1451 1174 1517 sed
1189 1453 1327 1542 appeti·

242 1564 332 1628 tione
353 1577 506 1643 utuntur,
527 1582 600 1647 quaa
617 1559 755 1624 naturali
776 1541 996 1649 propensione
1013 1557 1054 1624 ad
1071 1559 1126 1643 id,
1151 1558 1244 1647 quod
1266 1583 1325 1625 ac·

243 1667 487 1734 commodatum
501 1679 625 1730 naturae
637 1679 788 1754 apparet,
804 1663 987 1753 impellitur
1001 1662 1101 1729 ducit.
1115 1664 1205 1748 Quid
1217 1666 1328 1755 igitur

242 1775 349 1841 solum
368 1771 526 1864 lugiunt?
546 1769 586 1836 Id
608 1771 765 1838 nimirum
788 1772 822 1834 in
849 1791 916 1860 quo
941 1771 1011 1836 solo
1037 1769 1248 1836 mendacium
1275 1795 1327 1838 en·

242 1903 365 1969 torque
396 1877 520 1944 innasci
557 1894 657 1966 atque
689 1877 847 1944 inherere
880 1878 986 1960 solet,
1024 1879 1251 1967 opinationem
1291 1897 1326 1945 et

242 1986 440 2075 precipitem
454 1983 690 2065 assensionem,
703 2006 746 2048 ne
760 1999 925 2072 erumpat,
943 1983 1115 2067 cohibent,
1128 2005 1201 2073 qua
1214 1987 1324 2050 animi

243 2089 475 2181 apparentibus
490 2089 735 2154 succumbentis
750 2112 788 2154 ac
803 2111 869 2178 prae
884 2087 1074 2155 infirmitate
1090 2089 1238 2156 cedentis
1254 2109 1324 2174 est,

245 2197 441 2284 nullumque
463 2209 616 2284 praterea
634 2217 730 2260 usum
747 2211 888 2285 praestat.
904 2195 1060 2285 Operatio
1078 2197 1166 2262 enim
1186 2197 1323 2264 duobus

246 2303 385 2392 indiget,
404 2299 572 2390 phantasia
588 2299 636 2365 rei
650 2299 693 2366 ad
710 2317 859 2366 naturam
877 2299 1144 2385 accommodatae,
1163 2319 1196 2369 et
1210 2302 1253 2369 ad
1269 2304 1323 2387 id,

115 2435 117 2438 ·
246 2408 337 2498 quod
353 2405 634 2472 accommodatum
646 2407 813 2496 apparuit,
832 2408 1053 2496 appetitione:
1070 2431 1213 2496 quorum
1234 2433 1323 2476 ncu-

246 2531 334 2580 trum
353 2509 428 2580 cum
447 2513 571 2604 epoche
587 2529 734 2604 pugnat,
757 2514 799 2578 ab
813 2513 969 2602 opinione
986 2516 1092 2598 enim,
1119 2539 1187 2582 non
1204 2517 1249 2583 ab
1263 2543 1323 2610 ap·

246 2621 417 2712 petitione,
430 2643 492 2685 nec
507 2642 526 2683 a
544 2619 729 2708 phantasia,
748 2619 831 2684 ratio
846 2621 916 2684 baec
934 2620 1106 2686 deterret».

291 2727 344 2816 ⁵7·
362 2726 512 2818 igiturex
523 2723 717 2790 Academica
730 2725 893 2807 docmina,
910 2749 1014 2814 quum
1028 2727 1089 2793 tria
1103 2729 1322 2812 sintmlpcra,

246 2833 281 2899 id
308 2851 378 2916 est,
400 2847 591 2914 momenta,
619 2831 686 2897 sire
712 2833 901 2898 affectiones
925 2833 1044 2916 animi,
1066 2845 1279 2915 τὸφιντιςυιὸν,
1293 2849 1322 2902 τὸ

247 2924 391 3023 eparcus,
405 2951 434 3002 rt
450 2948 673 3019 capsarum,
690 2937 806 3021 idest,
824 2937 1080 3028 phantasticum,
1097 2955 1269 3031 appetens,
1290 2963 1322 3012 et

245 3045 444 3127 assentiens3
469 3043 634 3132 prioribus
655 3041 784 3108 duabus
815 3039 1062 3129 affectionibus,
1089 3047 1113 3111 ii
1135 3049 1232 3114 etiam
1260 3053 1321 3140 qui

246 3153 371 3244 epoche
389 3165 546 3234 utuntur,
565 3151 745 3216 necessario
768 3167 959 3233 morentur,
984 3169 1042 3218 aut
1060 3154 1143 3219 nihil
1165 3175 1320 3245 agerent;

247 3260 341 3325 tertia
353 3257 436 3322 nibil
453 3257 516 3322 illis
534 3271 583 3322 est
597 3277 698 3345 opus,
715 3278 777 3320 nee
793 3279 827 3321 se
840 3279 985 3345 umquan
999 3257 1041 3322 ab
1057 3259 1110 3324 illa
1123 3263 1243 3326 auferri
1260 3287 1320 3352 pa·

247 3367 392 3446 tiuntur,
408 3387 450 3429 ne
463 3365 497 3428 in
513 3363 723 3445 barathrum,
744 3361 857 3441 idest,
872 3363 1094 3453 opinationem
1113 3366 1318 3436 delabantur.

247 3470 347 3536 Vides
361 3487 470 3534 autem
482 3469 612 3533 interim
626 3491 724 3558 quam
738 3469 808 3533 bec
819 3472 861 3534 ab
872 3471 978 3536 Stoica
985 3472 1111 3543 ratione
1126 3473 1319 3559 dissideant,

249 3599 354 3666 quum
379 3575 425 3639 illi
447 3597 507 3639 nec
527 3575 661 3658 sentire,
686 3597 747 3639 nec
771 3585 923 3666 appetere
948 3601 1146 3668 quemquam
1172 3583 1244 3647 sine
1274 3607 1320 3648 aa·

250 3683 400 3748 sensione
420 3702 515 3769 posse
541 3679 583 3744 ad
610 3681 712 3746 ravim
728 3681 877 3748 clament.
890 3682 954 3748 Sed
972 3683 1014 3749 de
1031 3685 1095 3752 hoc
1110 3688 1239 3777 agimus
1252 3689 1316 3769 jam

248 3787 427 3960 Phblllliilia
437 3891 586 3981 quaedam
599 3891 640 3958 de
652 3893 785 3983 Epoche
794 3894 881 3984 apud
894 3895 1120 3981 Plutarchum,
1132 3900 1187 3965 illo
1200 3901 1315 3968 eodem

249 4003 321 4064 loco
338 3997 401 4087 (ι),
428 3999 533 4087 legere
553 4015 666 4087 potes,
688 3997 729 4064 ad
754 4022 897 4088 quorum
922 3999 1020 4067 finem
1044 4005 1136 4091 quasi
1159 4006 1315 4094 Epccben

283 4123 321 4192 (r)
339 4123 462 4174 Plutarch.
473 4123 588 4174 adversus
600 4125 723 4182 Golotcm,
736 4139 792 4190 pag.
803 4133 885 4186 nat,
897 4126 924 4176 b.
