2724 4690
394 413 786 482 incursurum.
1046 390 1115 515 209'
1215 400 1217 408 ’

92 533 252 593 Charmada
264 575 274 604 ,
285 531 421 604 Philone,
439 533 530 592 acuas
543 532 728 608 hominibus,
746 534 897 594 veritatem
910 553 1045 598 sensuum
1059 525 1115 600 im-

92 628 303 710 pugnantibus,
318 637 334 704 §
348 630 397 704 16,
417 651 463 704 17.
475 636 511 691 Et
523 651 584 690 csse
594 631 713 709 quidem
723 631 801 690 haud
811 635 1037 694 contemnendos
1050 639 1116 716 phi-

92 725 243 807 losophos,
259 727 310 805 qui
320 740 422 786 contra
435 727 505 800 hos,
521 727 593 786 nihil
606 741 639 786 ut
650 741 761 786 certum
770 727 927 807 probantes
942 773 950 800 ,
970 752 1007 792 ne
1020 731 1119 814 dispu-

93 825 211 884 tandum
229 823 349 903 quidem
368 843 444 899 esse,
467 837 626 886 statuerent
646 849 654 883 :
677 826 762 894 alios,
778 826 809 885 id
825 826 987 888 laciendum
1001 831 1117 908 quidem

93 941 167 995 esse,
188 943 227 982 nc
243 922 295 1000 qui
306 920 401 1002 decipi
414 942 445 981 se
458 935 645 1001 paterentur:
658 925 813 981 maximam
826 936 923 983 tamen
937 939 1049 1004 partem
1063 949 1116 987 eo-

91 1039 155 1080 rum
163 1021 297 1080 eamdem
308 1041 369 1079 rem
376 1020 501 1100 probam
512 1033 599 1099 atque
609 1021 761 1080 honestam
768 1021 922 1098 judicasse.
934 1025 1014 1084 Nihil
1021 1041 1116 1086 autern

92 1117 186 1176 dicere
200 1117 365 1190 Philonem,
385 1129 544 1184 assumta
558 1135 644 1176 omne
656 1131 827 1196 negantem,
854 1119 878 1177 si
892 1121 1057 1181 zenoniano
1068 1124 1117 1182 illa

93 1217 147 1274 uiri
158 1215 292 1275 definitio
304 1218 399 1275 valeat
409 1215 522 1274 :redire
534 1215 611 1273 enim
622 1217 764 1274 rationem
775 1214 836 1293 ejus
847 1215 877 1274 in
888 1218 1038 1278 circulum.
1045 1224 1119 1280 Om-

92 1331 156 1370 nem
162 1312 254 1390 igitur
263 1312 486 1391 disputationem
496 1323 598 1370 contra
609 1312 685 1370 hanc
695 1310 880 1372 Academiam
895 1333 931 1372 eo
942 1316 1074 1391 tendere,
1089 1331 1121 1376 ut

94 1409 223 1469 definitio
236 1409 287 1468 illa
299 1395 457 1488 probetur,
472 1429 559 1488 quam
573 1409 657 1468 Philo
669 1408 810 1469 sublatam
824 1411 971 1486 voluerit,
989 1418 1006 1486 ς
1024 1415 1069 1472 18.

129 1506 300 1585 Disputatio
305 1506 448 1586 jamipsa‚
462 1526 626 1566 ascnsuum
633 1507 756 1565 veritate
765 1526 891 1584 egressa,
902 1507 1120 1585 judiciueorum

94 1605 130 1663 ita
150 1605 232 1664 clara
247 1616 277 1662 et
295 1616 375 1663 certa
387 1624 449 1663 esse
463 1604 618 1683 proponit,
639 1615 674 1662 ut
692 1603 795 1663 melior
817 1623 919 1663 eorum
939 1604 1068 1665 conditio
1087 1629 1124 1666 ne

94 1703 187 1782 optari
198 1701 320 1780 quidem
334 1703 442 1781 possit,
458 1702 483 1761 si
494 1701 600 1781 integri
612 1701 658 1760 illi
673 1701 730 1760 siut
738 1743 747 1770 ‚
756 1697 791 1760 'et
803 1703 933 1776 valeant,
949 1724 1003 1762 nec
1018 1705 1077 1764 ulla
1092 1726 1123 1764 re
1193 1737 1199 1750 ·

93 1799 309 1878 impediantur,
330 1801 348 1878 §
367 1821 411 1877 ¹9·
431 1799 541 1879 Augcri
553 1799 640 1858 etiam
653 1799 713 1856 vim
725 1817 861 1857 sensuum
876 1813 956 1873 arte3
983 1813 1016 1858 ut
1028 1803 1057 1859 in
1072 1803 1120 1880 pi-

93 1896 241 1967 ctoribus,
257 1909 291 1955 et
297 1897 413 1956 musicis
425 1897 526 1956 videre
540 1896 635 1955 liceat.
647 1899 681 1953 In
694 1895 759 1974 ipso
770 1908 856 1974 gustu
867 1910 897 1955 et
907 1897 1031 1958 odoratu
1040 1898 1121 1977 judi-

92 1994 166 2053 cium
183 1995 267 2053 cerni
280 1993 434 2066 subtilius,
451 2011 625 2071 quamquam
639 1991 670 2050 id
683 1993 858 2072 plerumque
873 2013 928 2072 per
941 1993 1081 2056 abusum:
1094 2013 1123 2057 et
1165 1993 1168 1998 ‘

94 2090 123 2149 in
137 2105 219 2151 tactu
231 2091 348 2151 interno
363 2093 426 2150 solo
446 2091 516 2169 poni
532 2090 699 2169 Cyrenaicis
713 2091 841 2150 veritatis
857 2093 1021 2168 criterium,
1042 2101 1058 2168 ς
1075 2115 1122 2154 ao.

94 2186 243 2264 Ejusmodi
256 2207 318 2246 esse
330 2206 449 2266 quoque
459 2205 509 2257 ea,
529 2205 594 2265 quae
605 2184 737 2245 sensibus
750 2205 810 2244 non
822 2187 943 2267 proprio
955 2191 1122 2270 percipian-

94 2299 159 2358 tur,
184 2305 223 2344 ex
238 2305 375 2344 sensuum
388 2283 504 2363 judiciis
515 2282 662 2343 oriunda:
677 2297 711 2342 ut
724 2284 839 2358 album,
855 2305 1010 2360 canorum,
1027 2300 1081 2347 etc.
1093 2305 1124 2348 et

95 2384 132 2442 sic
144 2382 285 2462 deinceps
300 2426 309 2457 ,
330 2381 504 2462 usquedum
515 2382 602 2461 plena
617 2383 722 2441 montis
735 2382 817 2441 notio
831 2396 930 2454 coeat,
952 2391 1028 2458 sat.
1047 2391 1119 2460 Quae

95 2481 225 2540 notiones
245 2480 376 2561 (trieres),
402 2481 487 2540 sivel
502 2481 580 2539 salsae
598 2493 711 2550 essent,
733 2481 814 2540 vela
833 2481 910 2540 falsis
930 2501 990 2540 nou
1007 2484 1120 2545 discer-

94 2579 210 2651 nendae,
233 2579 295 2639 siue
308 2578 461 2638 omni'usu
478 2581 595 2652 forent,
615 2598 706 2658 quum
717 2578 838 2656 intelligi
854 2599 914 2638 non
929 2595 1039 2658 posset,
1061 2602 1120 2660 quo

94 2677 179 2737 modo
186 2679 271 2736 notio
281 2697 346 2737 cum
353 2675 562 2748 reconveniat,
573 2689 623 2735 aut
631 2675 668 2734 ab
675 2694 711 2733 ea
719 2675 873 2753 discrepet.
884 2677 1035 2734 Memoriae
1043 2692 1133 2737 certe·

94 2774 188 2834 locum
200 2794 262 2834 non
276 2793 353 2847 esse,
368 2793 433 2852 quae
444 2774 524 2833 nulla
538 2773 575 2832 sit
588 2773 742 2832 salsorum:
752 2771 840 2850 igitur
846 2771 933 2830 etiam
944 2791 1005 2830 non
1012 2787 1118 2846 artem,

95 2889 175 2948 quae,
201 2872 258 2930 nisi
270 2872 367 2930 multis
380 2872 545 2951 perceptis,
562 2869 684 2949 cogitari
697 2882 839 2946 nequest,
857 2873 874 2941 ς
888 2887 934 2926 aa.
951 2868 986 2929 ld
1000 2870 1118 2948 quidem

95 2966 123 3025 in
138 2967 248 3028 virtme
260 2967 460 3047 cognoscenda
476 2967 572 3026 valere
586 2965 728 3036 maxime3
744 2967 853 3043 quippe
868 2964 898 3022 io
910 2985 1014 3043 quam,
1029 2986 1120 3044 quum
1196 2977 1200 2990 '

95 3065 202 3125 stabilis
223 3065 470 3144 immutabilisque
487 3062 650 3141 judicetur,
679 3061 798 3120 scicntia
823 3062 908 3120 unice
929 3062 1024 3121 cadat.
1037 3064 1118 3124 Idem

95 3163 178 3222 etiam
195 3182 233 3222 ex
243 3163 301 3222 riri
312 3161 385 3221 boni
400 3161 519 3222 notione
532 3158 662 3237 intelligi.
684 3157 861 3236 Sapientiam
873 3157 999 3236 denique
1009 3162 1119 3221 nullam

94 3279 169 3334 esse,
188 3261 290 3340 siipsa
304 3279 376 3339 vage
387 3273 417 3319 et
429 3259 548 3330 sentiat,
557 3271 587 3340 et
602 3268 683 3336 agat,
697 3276 752 3315 nec
767 3269 875 3315 acerto
888 3255 1034 3335 principio
1049 3279 1120 3338 pro-

93 3355 256 3429 ficiscatur3
268 3356 330 3416 sine
341 3375 401 3434 quo
414 3374 451 3413 ne
460 3353 571 3433 impelli
583 3351 701 3431 quidem
715 3350 753 3410 ad
772 3349 886 3431 (recte)
899 3352 1042 3434 agendum
1055 3357 1120 3416 ani-

95 3472 155 3513 mus
168 3454 271 3533 possit.
285 3453 440 3514 Rationem
454 3451 527 3510 adeo
540 3450 634 3529 ipsam
647 3448 725 3518 tolli,
748 3467 806 3527 qua
823 3448 917 3508 virtus
936 3450 1119 3528 perficiatur,

94 3553 108 3621 ς
120 3553 227 3624 23-27.
241 3550 331 3628 sique
341 3549 438 3608 omnia
448 3548 509 3606 visa
528 3547 586 3624 (ex
598 3545 728 3604 Philonis
739 3543 898 3625 sententia)
917 3546 962 3604 vel
974 3546 1044 3606 salsa
1059 3569 1120 3610 esse

93 3661 210 3724 possent
226 3669 234 3706 :
249 3667 305 3706 uec
321 3647 454 3706 notiones
470 3643 653 3704 discernendi
666 3643 808 3702 rationem
820 3640 899 3711 dari,
923 3662 977 3701 nec
994 3643 1122 3722 philoso-

92 3744 209 3822 phium,
234 3763 330 3824 neque
348 3743 473 3822 denique
487 3741 657 3821 sapientiam
681 3761 688 3796 :
710 3739 791 3817 cujus
808 3737 990 3798 decretorum
1009 3743 1120 3803 nullum

93 3847 150 3902 sine
163 3845 274 3903 scelere
289 3841 376 3921 prodi
387 3842 488 3914 liceat,
501 3859 624 3918 quosque
638 3839 736 3897 omnia
746 3851 804 3896 tam
815 3849 894 3896 certa
903 3856 966 3898 esse
979 3839 1123 3911 debeant,

93 3953 124 3998 ut
134 3942 215 4000 nulla
226 3941 340 4000 ratiorm
353 3939 465 3998 moveri
479 3939 608 4019 possint,
625 3944 640 4011 ς
656 3955 703 4010 a7.
718 3935 789 3994 Inde
803 3935 860 3994 hoc
872 3955 947 4004 esse,
961 3936 1041 4013 quod
1060 3937 1123 3996 heri

92 4039 280 4110 Hortensius,
302 4037 449 4116 Antipatri
463 4035 611 4114 exemplo,
633 4033 664 4092 id
682 4045 760 4092 certe
776 4051 793 4092 a
807 4033 936 4111 sapiente
952 4045 1120 4110 perceptum

91 4137 161 4212 poni
176 4135 303 4194 voluerit
313 4178 322 4208 ,
334 4135 407 4193 nihil
421 4153 507 4215 posse
516 4132 630 4212 percipi
644 4153 651 4189 ε
665 4131 712 4190 cui
726 4143 810 4191 acute
828 4129 987 4188 occurrerit
998 4131 1125 4189 camea-

155 4245 179 4310 Ῑ,
207 4257 256 4302 cie,
268 4271 325 4318 pars
341 4256 412 4299 tertt'er.
963 4233 1003 4314 ΙΙΙ
