2762 4682
231 353 297 438 134
349 367 351 372 ’
565 353 615 420 ιι.
638 352 676 419 T.
703 349 952 421 crcunorus
992 308 999 322 ’

159 551 162 556 ,
227 473 408 548 existimas
424 473 517 572 ipse,
535 487 683 570 negaret
706 474 745 544 in
769 472 870 545 libris
902 469 1025 568 (quod
1041 493 1162 542 coram
1181 475 1300 542 etiam

229 611 274 656 ex
290 586 368 683 ipso
386 579 665 677 audiebamus),
683 580 772 652 duas
789 580 986 653 academias
1005 603 1099 670 esse3
1114 605 1301 653 errorem·

231 720 303 793 quc
323 719 467 778 eorum,
482 695 547 790 qui
563 694 611 763 ita
626 707 818 791 putarunt,
832 695 1146 787 coarguit-Est,
1160 693 1300 790 inquit,

230 818 272 875 ut
292 804 398 892 dicis;
417 803 478 875 sed
498 807 665 900 ignorare
691 817 727 874 te
753 827 829 874 non
849 801 1020 891 arbitror,
1041 814 1145 900 quae⁷
1164 817 1301 875 contra

158 925 212 994 'm
230 913 388 986 Philonis
408 913 605 985 Antiochus
623 915 815 1011 scripserit.
830 917 1004 985 -Immo
1019 907 1130 984 vero8
1151 929 1189 984 et
1205 915 1298 1000 ista,

231 1040 267 1096 et
286 1040 396 1097 totam
406 1039 564 1097 veterem
583 1021 818 1112 academiam,
836 1049 857 1094 a
874 1049 946 1121 qua
961 1022 1198 1128 absum⁹ftam
1213 1021 1299 1112 diu,

230 1136 396 1207 renovari
419 1161 439 1205 a
459 1150 515 1223 te,
542 1136 612 1206 nisi
636 1134 829 1206 molestum
854 1148 926 1221 est,
951 1134 1081 1205 velim:
1110 1148 1147 1204 et
1165 1133 1301 1218 simul,

230 1247 445 1334 assidamus,
467 1247 634 1341 inquam,
649 1249 679 1316 si
695 1231 1001 1318 videtur.-Sane
1017 1247 1109 1316 istuc
1123 1243 1300 1341 quidem,

230 1357 350 1453 inquit
366 1385 373 1427 :
392 1379 473 1427 sum
496 1357 593 1426 enim
614 1353 810 1426 admodum
833 1353 1053 1426 infirmus¹⁰.
1077 1352 1147 1426 Sed
1170 1355 1302 1426 videa-

226 1490 327 1554 mus,
353 1463 498 1538 idemne
525 1467 644 1536 Attico
669 1465 808 1562 placeat
827 1473 856 1508 ¹¹
880 1464 959 1536 fieri
983 1489 1004 1536 a
1028 1488 1110 1552 me,
1134 1463 1237 1561 quod
1262 1478 1301 1535 te

225 1576 316 1648 velle
333 1574 597 1648 video—Mihi
615 1583 756 1665 vero¹²,
770 1574 853 1646 ille:
874 1573 963 1671 quid
984 1589 1038 1646 est
1057 1575 1173 1663 cuim,
1190 1572 1301 1670 quod

228 1821 266 1866 te,
286 1825 331 1872 pro
347 1807 447 1873 vulgato
464 1819 579 1875 negaret,
599 1807 736 1856 edidimus:
783 1807 835 1857 Cic.
853 1817 880 1855 ut
898 1808 959 1866 ista,
978 1823 1033 1872 qum
1055 1806 1192 1855 Antiochus
1207 1815 1300 1854 contra

227 1886 292 1935 haud
307 1887 372 1935 enim
385 1887 454 1936 aliter
467 1888 562 1953 ιιιςιιίε,
578 1888 646 1952 quod
659 1887 740 1951 seqni-
781 1887 908 1935 Philonem
922 1886 1065 1950 disputarit,
1078 1897 1102 1933 et
1114 1885 1185 1933 simul
1197 1883 1302 1942 omnia,

229 1976 283 2025 tur,
305 1967 432 2028 permittit.
457 1967 484 2013 P.
504 1969 601 2016 Manut.
625 1965 738 2031 negarit,
782 1981 837 2030 quse
852 1964 990 2014 Academiae
1008 1966 1095 2013 veteris
1114 1964 1214 2028 propria
1230 1963 1300 2025 sint,

230 2043 338 2107 editique
350 2055 410 2093 vett.
425 2044 524 2108 quidam
536 2056 659 2110 negante,-
672 2061 740 2108 nque
783 2045 917 2093 enarrando
937 2044 1133 2108 comprehendat.
1152 2045 1204 2090 Diu
1230 2043 1302 2090 enim

231 2138 314 2186 prave.
330 2150 366 2162 -·
385 2123 465 2173 Philo.
487 2124 558 2172 Philo
581 2123 658 2172 libros
678 2124 740 2172 duos
783 2141 849 2184 esse,
867 2139 898 2172 ea
913 2140 963 2188 quo
981 2123 1045 2171 banc
1066 2121 1220 2187 disciplinam
1237 2121 1303 2168 reli·

231 2201 375 2264 scripserat,
388 2202 478 2265 quibua
496 2217 570 2249 unam
586 2211 679 2250 tautum
690 2219 740 2250 esse
784 2205 877 2269 querit,
892 2215 964 2268 atque
977 2206 1010 2253 ita
1024 2219 1076 2251 eam
1091 2202 1138 2250 sihi
1155 2211 1303 2249 moratam

231 2278 387 2328 Academiam
405 2279 586 2329 contendebat:
604 2281 741 2330 Antiochus
783 2285 854 2334 velle.
869 2287 942 2333 lluuc
955 2285 1042 2332 horum
1057 2283 1128 2331 unice
1141 2296 1225 2328 verum
1241 2297 1304 2328 seu-

231 2361 258 2408 iu
276 2362 415 2424 magistrum
437 2361 525 2408 librum
547 2361 624 2410 edidit
642 2363 741 2410 nomine
783 2380 836 2412 sum
843 2364 1056 2424 esse,viditetiam
1063 2360 1210 2418 Rath,ineo
1221 2359 1304 2408 modo

233 2441 328 2489 Susum.
343 2439 415 2490 Cous.
426 2439 544 2500 AcadV,
557 2450 586 2500 t,
603 2456 643 2489 rr.
656 2443 740 2489 Tuan.
783 2444 870 2503 salsus,
888 2443 955 2509 quod
967 2442 1117 2491 Antiochum
1131 2449 1216 2487 contra
1231 2441 1303 2487 Aea-

269 2537 293 2580 7.
310 2521 371 2584 Qaec
384 2531 470 2568 eonem
485 2519 593 2568 Philonis
607 2519 742 2568 Antiochus
784 2523 997 2572 demiamseterem
1004 2519 1127 2587 scripsisse
1134 2529 1218 2584 putat3
1228 2519 1304 2582 quod

217 2599 359 2664 ,sorpserit
379 2594 487 2647 Philonis
504 2599 589 2663 scripti
609 2609 634 2648 et
650 2599 697 2648 mei
717 2610 743 2647 et
784 2603 825 2651 ille
856 2617 993 2666 numquam
1020 2603 1085 2649 lecit.
1111 2602 1195 2663 Inepte
1222 2599 1305 2661 igitur

232 2679 340 2736 Davisii,
368 2679 482 2739 Gruteri,
505 2679 656 2744 aliorumque
679 2680 742 2728 sorte
785 2683 859 2746 uulgo
872 2683 960 2745 legitur
977 2697 1059 2745 «aqua
1072 2679 1225 2743 absumptam
1244 2687 1301 2726 tam
1335 2689 1339 2698 “

233 2758 356 2804 omnium:
371 2773 424 2804 uam
436 2758 502 2821 quod
515 2759 596 2823 plures
610 2759 668 2806 editi
681 2769 741 2806 vett.
785 2762 828 2810 diu
838 2776 867 2812 n:
881 2761 955 2825 idque
970 2762 1058 2824 magis,
1074 2774 1149 2824 quum
1165 2757 1304 2806 Academia

232 2833 360 2883 Philonem
372 2837 491 2894 referunt,
507 2838 532 2886 id
547 2855 578 2886 ex
590 2839 742 2887 correctione
784 2839 833 2889 hoe
846 2841 917 2899 loco,
934 2851 1065 2905 utsupra,
1087 2839 1149 2904 56,
1170 2836 1201 2884 de
1224 2837 1305 2898 hujus

232 2925 303 2978 puto.
319 2917 377 2963 Iutt.
388 2916 455 2964 bunc
466 2917 599 2980 genitivum
609 2918 641 2966 ad
652 2917 742 2970 Antio·
785 2919 921 2985 discipilum
935 2919 1038 2967 decretis
1055 2918 1164 2975 dicatur;
1178 2931 1234 2979 qun
1247 2931 1306 2978 quo

133 3023 137 3030 ·
233 2993 293 3042 ctus
307 2993 405 3044 trahunt
416 3027 424 3054 ,
436 3006 465 3043 nt
476 2995 624 3060 intelligatur
633 2995 742 3059 discipu·
785 2997 860 3046 modo
871 3021 884 3040 ι
891 3014 953 3062 aqua
967 2997 1094 3062 absumpta
1102 3017 1114 3039 ι
1123 2994 1173 3042 dici
1182 2993 1303 3059 possint,

234 3073 269 3121 lus
284 3089 294 3120 .·
313 3073 356 3120 sed
370 3074 470 3138 inepte,
483 3091 559 3139 quum
575 3077 660 3139 paucis
675 3084 744 3134 ante,
785 3093 858 3126 nemo
871 3077 946 3134 uidet.
967 3077 999 3124 G.

234 3175 246 3194 u
255 3152 371 3200 Antiochi
379 3154 493 3218 magister
504 3153 576 3202 Philo
584 3175 604 3213 ι,
616 3170 743 3218 praecesse·
825 3172 863 3204 ιο.
875 3155 998 3223 Irfimus.
1012 3153 1077 3204 ilinc
1090 3151 1167 3216 illud,
1184 3152 1254 3200 «uisi
1269 3151 1304 3200 de

233 3231 397 3293 ritllqmdem
404 3233 484 3280 mslim
494 3245 598 3282 «contra
605 3233 714 3282 Philonis
722 3253 743 3292 ι,
787 3237 824 3288 ris
834 3235 910 3284 lessus
918 3243 980 3282 esset
990 3255 1011 3281 n.
1026 3235 1111 3281 Τιιιιι.

235 3325 270 3358 se.
289 3311 445 3368 sententium,
463 3327 518 3375 qure
536 3328 587 3360 vox
605 3329 636 3360 ex
654 3327 744 3377 praece·
825 3331 865 3362 rr.
878 3313 980 3361 idemne
990 3313 1024 3360 A.
1035 3309 1201 3378 placectfien'
1211 3327 1230 3358 a
1245 3327 1302 3372 nae,

235 3387 349 3435 dentibus
357 3389 426 3437 facile
436 3390 585 3455 intelligitur.
599 3395 635 3440 Ita
644 3392 744 3455 quidem
787 3390 1044 3458 qucdtevellevr'deo.
1056 3388 1196 3439 Sufficiebat
1205 3411 1218 3432 ι
1225 3389 1304 3439 idem-

236 3467 274 3514 rel
291 3465 349 3513 alibi
364 3467 484 3530 genitivus
501 3471 566 3518 nude
581 3472 697 3534 ponitur,
716 3480 745 3518 ut
786 3489 818 3521 ne
831 3475 862 3521 A.
876 3471 1001 3536 placeat».
1021 3469 1069 3518 Sed
1085 3479 1142 3517 suut
1157 3471 1211 3518 istas
1228 3485 1305 3518 mern

235 3545 297 3595 inira
312 3547 343 3604 6,
360 3551 444 3598 san.
787 3553 998 3618 pleonasmnrum,
1023 3551 1044 3598 si
1068 3550 1100 3599 ita
1125 3549 1206 3598 dicere
1228 3547 1303 3610 licet,

273 3629 298 3674 il.
320 3627 398 3673 Immo
420 3643 489 3677 vero.
521 3629 645 3679 Ciceronis
671 3631 744 3679 verba
788 3633 896 3700 Platonis
916 3631 1080 3692 imitationes,
1102 3627 1192 3693 quibus
1215 3639 1306 3677 auctor

237 3717 308 3766 sunt,
320 3721 372 3753 non
381 3707 506 3754 Varronis.
520 3710 603 3758 Tuan.
788 3713 861 3772 hujus
878 3710 952 3758 molle
970 3709 1070 3758 auribus
1091 3707 1208 3756 dictionis
1227 3723 1306 3771 genus

272 3801 297 3849 9,
311 3785 412 3842 Etista,
430 3797 544 3834 ettotam
557 3799 663 3838 veterem
676 3791 745 3839 Aca·
790 3791 915 3840 emulatur
932 3805 938 3840 :
963 3787 983 3838 ti
999 3787 1073 3839 ιαυτὸ
1093 3781 1135 3836 sci
1153 3773 1182 3835 A.
1204 3782 1306 3852 ἀρέσκοι

238 3864 356 3928 dentiam,
369 3882 385 3912 a
395 3881 445 3929 quc
456 3867 540 3914 absum
553 3877 604 3914 tam
620 3869 671 3916 diu.
684 3871 746 3918 Cum
789 3869 910 3940 γεγονέναι
925 3869 966 3918 ὑπ’
981 3867 1052 3935 duci,
1072 3865 1084 3916 ὅ
1099 3882 1125 3914 es
1143 3865 1191 3932 ὁρῶ
1208 3863 1304 3914 lissam.

237 3945 321 3992 Ursini
342 3944 408 3994 libro
432 3947 553 3994 consentit
574 3947 623 3995 Uis.
647 3949 745 4011 Reliqui
790 3950 836 3999 Sed
847 3949 936 4007 debis,
951 3959 974 3996 et
984 3947 1072 3996 talibus
1084 3944 1154 4003 alibi,
1167 3953 1192 3990 et
1201 3943 1305 4007 quidem

237 4025 321 4090 scripti
332 4041 386 4073 cum
401 4024 458 4073 olim
470 4025 566 4090 vulgata
580 4027 664 4084 istam,
677 4029 746 4091 quod
789 4046 819 4077 ex
832 4027 951 4075 instituto.
966 4028 998 4075 G.

238 4105 298 4156 nihil
318 4115 364 4154 est.
389 4107 507 4154 llortatur
530 4105 594 4153 enim
613 4109 746 4154 Varronem
829 4121 869 4155 aa.
885 4105 1027 4162 Miliarem,
1041 4099 1303 4166 illerqrn'destenr'm,
