2776 4688
295 396 331 462 r.
361 391 601 492 vlumus
625 392 900 463 sumamus.
1083 393 1126 464 61

67 529 211 607 perimet.
245 511 310 580 Sed
334 510 528 578 confirmare
540 512 610 578 baec
624 513 781 578 Veterum
795 502 988 581 testimoniis
1013 512 1131 582 debere

68 643 124 688 nos
139 621 273 686 scimus.
294 619 478 684 Numenius
498 617 586 708 apud
609 617 787 683 Eusebium
807 618 855 707 (1)
874 617 916 684 de
940 621 1131 687 Carneade:

69 759 82 783 ι
95 727 219 809 Verum
237 725 324 790 enim
338 741 370 790 et
379 724 496 788 falsum
508 723 607 789 rebus
620 724 697 813 ipsis
708 725 814 790 inesse
830 724 1029 810 concedens,
1041 729 1134 817 quasi

69 833 120 921 qui
133 831 358 920 [adversario]
374 829 503 895 cederet
513 845 546 895 et
554 829 639 894 illius
651 830 747 894 etiam
761 829 829 920 ipse
845 829 910 908 jam
926 853 995 897 rem
1006 849 1132 921 ageret3

67 923 158 1002 vebrt¹
176 936 314 1002 callidus
339 936 493 1019 luctator,
519 957 596 1000 ansa
618 949 745 998 tantum
768 950 801 999 et
818 955 904 998 nexu
922 934 1134 1024 disputationi

67 1033 245 1130 permisso,
262 1041 352 1106 illine
367 1063 544 1128 rursusque
568 1061 638 1105 sese
657 1040 832 1104 extricabat
845 1055 878 1104 et
892 1041 1063 1108 resiliebat.
1084 1043 1134 1108 Ex

66 1149 301 1238 probabilitatis
316 1149 404 1214 enim
421 1149 568 1230 ratione,
590 1162 624 1212 et
634 1163 809 1230 ,momento
824 1163 967 1236 utroque
985 1149 1133 1230 tributo,

68 1272 220 1321 nanuum
249 1253 379 1342 dicebat
405 1253 540 1320 firmiter
571 1253 839 1343 comprehendi».
869 1254 984 1318 Cicero
1010 1255 1044 1318 in
1069 1256 1134 1320 Lu·

69 1363 155 1426 tullo
170 1360 217 1450 (a)
236 1384 245 1426 r
265 1361 345 1425 Ven'
364 1383 426 1425 esse
440 1359 567 1450 alt'qut'd
581 1381 646 1424 non
663 1381 813 1449 ησςαηυιε
819 1408 830 1441 ,
844 1361 965 1450 percipi
964 1381 1061 1450 posse
1082 1385 1136 1426 ne·
1171 1453 1172 1456 ¹
1306 1423 1307 1426 ,

68 1491 190 1554 gamus.
212 1466 304 1533 Idem
334 1464 376 1546 de
397 1465 527 1531 Natura
549 1466 686 1530 Deorum
704 1464 752 1554 (3)
772 1487 780 1530 t
797 1495 811 1523 ι
823 1465 899 1531 Νοιι
914 1466 1003 1531 enim
1022 1489 1135 1534 sumus

69 1573 109 1657 ii,
132 1572 356 1662 qrribuspnihil
373 1593 485 1636 verum
502 1593 571 1638 esse
586 1569 755 1652 videatur3
772 1569 830 1636 sed
854 1571 893 1654 ii,
910 1571 967 1660 qui
983 1573 1136 1638 omnibus

69 1681 150 1744 reris
163 1680 240 1744 falsa
260 1677 409 1768 quaedam
427 1677 578 1760 adjuncta
594 1699 664 1743 esse
686 1676 848 1759 dicamus,
872 1691 962 1742 tanta
986 1677 1137 1744 similitu·

70 1785 166 1868 dine,
185 1801 225 1849 ut
247 1784 283 1848 in
296 1780 350 1848 =iis
371 1782 460 1847 nulla
487 1783 565 1848 insit
590 1799 678 1848 certa
700 1781 870 1865 judicandi
885 1795 918 1847 et
940 1783 1136 1848 assentiendi

71 1907 146 1956 nota
160 1921 185 1956 a.
199 1887 252 1955 Ad
266 1890 351 1954 bane
365 1888 524 1954 rationem
540 1889 665 1954 illustre
680 1886 761 1953 illud
779 1885 869 1977 apud
886 1887 1056 1954 Philonem
1073 1888 1138 1977 (4),

70 1998 102 2059 in
118 1995 228 2060 libello
245 1994 286 2058 de
301 1995 482 2075 libr-letata,
498 1993 716 2083 'Acatalepsiae
744 1993 960 2082 patrocinium
984 2009 1032 2058 est
1056 1997 1139 2060 rele-

73 2101 207 2166 rendum
226 2123 235 2164 ε
252 2130 265 2155 ι
283 2101 368 2164 Eum
382 2100 481 2190 igitur
495 2101 553 2188 qui
567 2099 628 2164 sibi
639 2101 763 2189 placeat
776 2121 813 2165 ac
824 2099 937 2180 jactet,
952 2100 1003 2165 vel
1016 2101 1050 2164 in
1063 2121 1140 2166 con·

74 2207 140 2272 silio
155 2204 335 2295 capiendo,
350 2206 402 2269 vel
414 2206 448 2270 in
462 2206 520 2288 iis,
539 2227 612 2294 quae
623 2197 806 2294 seligenda,
820 2227 959 2294 quaeque
967 2206 1139 2286 rejicienda

73 2332 162 2397 sunt,
179 2313 256 2378 satis
272 2311 406 2403 ingenio
424 2327 457 2376 et
473 2313 628 2402 sapientia
638 2313 762 2396 valere,
778 2313 830 2376 his
846 2311 1022 2378 admonere
1039 2336 1139 2403 opor-

74 2435 126 2486 tet.
142 2417 311 2507 Siquidem
322 2418 364 2481 ah
375 2416 490 2482 iisdem
503 2439 631 2507 semper
644 2417 744 2482 rebus
757 2416 886 2481 easdem
902 2417 1058 2506 nulloque
1074 2417 1139 2484 dis·

74 2525 203 2589 murino
222 2522 392 2588 dissimiles
417 2523 600 2613 phantasias
620 2543 789 2587 occurrere
807 2522 1032 2615 contingeret3
1057 2543 1141 2592 esset

12 2697 13 2724 ἶ
75 2631 164 2694 cuam
179 2633 316 2695 fortasse
330 2628 566 2710 neoesmrium,
585 2626 653 2694 duo
669 2628 704 2691 in
721 2628 817 2693 nobis
829 2649 848 2692 a
861 2645 976 2693 natura
987 2629 1139 2696 fabricata

12 2805 13 2810 γ
75 2757 108 2800 ac
132 2749 318 2800 constructa
343 2733 481 2817 judicia,
500 2755 633 2800 sensum
660 2731 810 2798 videlieet
826 2747 859 2798 et
874 2733 1138 2824 intelligentiam,

75 2839 202 2928 plurimi
217 2833 323 2903 lacere
337 2839 387 2903 uti
404 2839 593 2928 incorrupta
606 2852 641 2902 et
655 2851 727 2926 'quae
754 2837 888 2902 minime
906 2839 1141 2928 mentirentur3

12 2975 13 3030 l
77 2967 132 3011 nec
146 2943 187 3010 de
204 2943 271 3008 ulla
282 2966 318 3009 re
333 2959 500 3032 oporteret
513 2940 697 3008 dubitantes
711 2963 878 3008 assensum
891 2945 1068 3030 sustinere,
1084 2947 1142 3014 sed

12 3043 13 3112 Ῠ
78 3049 247 3138 phantasiis
261 3050 362 3115 semd
378 3049 493 3114 oblatis
512 3047 663 3130 fidentes,
677 3047 731 3113 illa
744 3047 878 3138 quidem
894 3071 1028 3138 capere,
1043 3052 1142 3117 decli·

12 3143 14 3192 Ὺ
78 3176 148 3226 nare
162 3153 234 3219 alia.
251 3155 297 3218 At
309 3175 412 3242 quum
427 3154 468 3218 ab
482 3151 597 3218 iisdem
608 3153 707 3218 rebus
718 3153 808 3217 vario
822 3151 923 3217 modo
935 3155 1043 3218 affecti
1053 3177 1143 3222 com·

12 3323 13 3334 ,
78 3261 255 3347 periamnr3
276 3258 389 3324 stabile
405 3259 486 3323 nihil
505 3257 546 3323 de
570 3281 605 3323 re
627 3259 691 3323 ulla
708 3258 921 3347 pronuntiare
942 3259 1142 3348 poterimus,

78 3387 176 3452 qaum
193 3365 301 3429 risum
320 3386 394 3428 non·
408 3379 489 3446 stet,
514 3361 572 3427 sed
592 3363 704 3428 multis
720 3361 828 3427 moffis
844 3377 1059 3451 permutetur.
1075 3361 1142 3434 Ne-

12 3515 13 3544 .
78 3493 160 3537 cesse
178 3471 269 3536 enim
287 3487 354 3552 est,
372 3485 411 3534 ut
429 3468 659 3534 commutabile
684 3490 745 3533 nec
767 3467 897 3532 firmum
918 3468 1079 3550 judicium
1102 3472 1143 3542 de
1218 3506 1220 3510 ⁷

78 3577 296 3644 commutabili
306 3577 476 3674 phantasia
484 3577 555 3642 sits.
567 3577 609 3641 Et
622 3598 695 3665 qum
708 3592 893 3664 sequuntur
902 3579 1143 3648 omniaAoade·

80 3685 156 3750 mica
178 3700 258 3750 snut
289 3701 323 3749 et
346 3681 551 3766 Carneadea,
576 3681 637 3748 etsi
660 3703 699 3748 ex
720 3681 782 3746 illis
811 3681 923 3749 decem
949 3685 1144 3777 pervulgatis

110 3853 147 3919 (r)
161 3855 240 3919 Pap.
251 3854 345 3918 Erang.
357 3851 402 3902 lib.
415 3855 488 3916 xlv,
501 3867 557 3916 cap.
574 3853 603 3912 8,
616 3866 673 3916 pap.
684 3851 750 3913 738,
765 3865 787 3900 a.

111 3936 150 4004 (a)
166 3941 279 4007 cnpet.
783 3953 786 3960 ·

113 4028 151 4096 (3)
166 4031 220 4083 lib.
233 4035 262 4092 1,
285 4047 341 4096 cap.
360 4032 383 4080 ⁵.

114 4115 149 4184 (l)
165 4122 221 4186 1¹¹3·
231 4121 297 4180 383,
309 4119 354 4170 lin.
365 4125 407 4176 14,
421 4129 510 4182 etpag.
524 4131 575 4182 seq.
590 4125 651 4165 tout.
662 4115 682 4162 1.
