2764 4688
234 349 306 418 arb
564 347 962 426 ARGUMENTUM.

269 480 396 530 corruat.
411 473 484 528 Cum
500 467 556 528 hoe
565 469 653 546 igitur
664 467 853 548 pugnandum
867 487 930 528 esse
938 511 948 542 ,
963 486 1023 526 non
1031 485 1149 540 mmm,
1160 468 1212 546 qui
1224 487 1296 527 enm

270 565 339 625 dem
353 565 511 636 cumillis,
530 565 675 625 Antiocho
691 565 849 643 magistro,
864 563 1044 624 dialecticam
1058 577 1205 642 requam
1220 566 1296 626 lieet
1359 605 1360 610 κ

269 675 365 723 autem
377 663 439 742 ipse
448 661 534 742 hujus
544 675 689 744 praecepta
699 681 798 741 presse
812 674 966 741 sequamr,
982 675 1078 722 tamen
1091 661 1137 720 his
1147 661 1220 721 nihil
1232 681 1297 740 pro-
1359 701 1360 704 κ

270 760 330 834 fici,
347 765 363 832 S
383 756 486 838 95·98.
504 753 508 759 Ι

303 856 361 917 Sed
370 858 463 917 musis
477 856 567 936 spinis
576 856 637 930 his,
650 855 806 919 Carneadis
820 845 972 930 seutentia,
979 854 1163 916 Clitomacho
1174 867 1297 922 auctore,

269 951 1298 1034 proponitur,quahntiocheaomniaconcidant.Duplieienimvisorum
1359 1017 1360 1020 Ἴ

270 1051 453 1112 distinctione
466 1053 542 1112 faeta
556 1075 563 1110 :
578 1053 620 1112 sic
631 1053 728 1112 utalia
740 1053 800 1112 visa
811 1052 926 1131 percipi
935 1070 1038 1132 posse,
1050 1050 1108 1109 alia
1121 1071 1182 1108 non
1198 1069 1299 1128 posse,
1359 1115 1360 1124 χ

271 1143 391 1223 dende,
421 1151 477 1209 alia
496 1149 661 1229 probabilia
680 1169 758 1224 esse,
781 1150 837 1210 alia
855 1169 914 1209 non
931 1145 1112 1229 probabilia,
1136 1159 1300 1226 ponantnr3

269 1268 392 1328 quaeque
406 1249 536 1308 visorum
548 1250 663 1310 veritati
677 1249 882 1323 adverseumr,
900 1269 937 1310 ea
949 1250 1048 1309 omnia
1064 1247 1102 1308 ad
1114 1247 1246 1326 priorem
1257 1267 1300 1304 re-

272 1343 407 1401 ferantur
422 1363 429 1400 ι
443 1342 555 1420 colligi,
569 1343 642 1402 nihil
656 1363 734 1417 esse,
751 1343 832 1422 quod
844 1342 956 1420 percipi
963 1341 1074 1421 possit;
1086 1359 1153 1418 quar
1167 1337 1302 1420 probari,

272 1439 372 1498 multa.
389 1437 543 1498 Probanda
555 1439 646 1518 igitur
663 1441 755 1498 multa
769 1438 901 1500 sensibus
919 1461 926 1495 :
945 1437 997 1498 sed
1011 1436 1066 1496 hac
1080 1437 1160 1514 lege,
1184 1434 1303 1512 nequid

270 1538 301 1594 in
313 1535 359 1595 his
371 1537 443 1608 tale,
467 1535 550 1614 quod
566 1555 583 1594 a
599 1536 672 1597 falso
687 1548 846 1602 certauota
859 1535 996 1604 differat,
1012 1546 1168 1593 statuatur.
1192 1530 1304 1592 Proba-

271 1630 380 1692 bilibus
394 1644 491 1692 autem
504 1631 549 1692 his
561 1631 608 1691 uti
617 1634 775 1712 sapientem
789 1633 827 1692 ad
839 1633 929 1692 vitam
945 1628 1099 1709 regendum
1113 1649 1242 1690 omnem.
1256 1629 1306 1686 Vel
1359 1693 1360 1700 ἵ

273 1731 439 1790 Stoicorum
458 1730 746 1810 Antiocbeorumque
765 1731 924 1808 sapientem
939 1727 1105 1808 probabilia
1124 1727 1217 1788 multa
1229 1726 1307 1803 sequi
1359 1777 1360 1808 ἶ

273 1826 396 1902 debere,
416 1827 473 1886 nisi
488 1845 604 1888 omnem
618 1826 721 1906 agendi
732 1827 874 1886 rationem
887 1825 1026 1886 confundi
1041 1826 1118 1885 velit
1141 1825 1197 1883 His
1209 1836 1308 1902 aptam

275 1941 341 1981 eum
357 1924 492 1995 consilia,
514 1943 580 2002 quae
600 1925 716 2002 capiat;
739 1923 785 1984 his
800 1924 896 1982 animo
912 1935 942 1980 et
955 1935 1052 1980 mente
1066 1921 1181 1980 moveri
1199 1918 1308 1995 :idque

274 2019 335 2076 sine
355 2033 433 2080 certa
444 2021 494 2080 illa
508 2034 592 2094 nota,
606 2041 664 2098 qua
678 2020 791 2099 percipi
804 2018 874 2098 quid
887 2019 987 2098 possit.
1001 2023 1085 2096 Ipsos
1099 2017 1233 2085 Stoicos,
1253 2015 1308 2074 falli

277 2135 376 2174 sensus
386 2117 416 2175 in
425 2118 538 2188 multis,
553 2119 728 2178 consentire.
739 2123 779 2177 ht
788 2135 893 2196 negare
903 2116 1080 2195 Epicurum,
1097 2114 1215 2194 percipi
1226 2111 1309 2192 quid·
1359 2115 1360 2190 J

276 2232 362 2290 quam
377 2232 477 2292 posse,
490 2216 515 2274 si
528 2216 576 2275 vel
589 2217 621 2274 in
636 2235 695 2274 uno
711 2235 811 2276 seusus
829 2214 974 2272 saliantur.
990 2217 1055 2274 Hoc
1068 2225 1213 2290 accepto,
1228 2224 1260 2269 et
1270 2210 1310 2268 el-

275 2321 338 2368 tero
353 2312 517 2372 Stoicorum
532 2311 645 2386 addito,
662 2333 723 2372 esse
736 2312 813 2384 visa,
824 2329 898 2388 ¹quse
915 2311 984 2370 salsa
997 2311 1072 2383 sint3
1096 2309 1182 2387 sequi
1199 2327 1256 2386 per
1266 2327 1311 2364 sea

274 2405 349 2465 nihil
360 2427 446 2486 pesse
459 2409 579 2488 percipi.
598 2413 672 2469 Cum
684 2409 810 2487 Epicuro
824 2407 932 2486 igitur,
946 2425 1006 2465 non
1019 2425 1087 2470 cum
1100 2405 1167 2484 ipso
1178 2423 1310 2483 pugnan-

275 2502 345 2562 dum
360 2524 438 2577 esse,
454 2505 509 2584 ¹qui
525 2507 668 2584 posterius
676 2506 826 2566 concedat.
844 2504 900 2566 Sed
914 2505 1018 2564 mirum
1032 2523 1094 2562 esse
1105 2546 1113 2575 ‚
1127 2503 1160 2560 in
1168 2501 1274 2580 primis
1285 2499 1310 2556 in

276 2600 442 2674 Antiocho,
463 2603 543 2680 quod
573 2604 641 2664 talia
663 2605 695 2662 in
724 2603 900 2662 recentiores
926 2600 1116 2661 academicos
1146 2599 1287 2657 dicantur
1303 2617 1309 2650 :

275 2697 382 2758 clevari
401 2699 479 2759 enim
499 2701 770 2779 reprehensionem,
787 2722 879 2781 quum
899 2701 930 2760 bi
953 2696 1119 2779 probabilia
1141 2696 1312 2762 admittant,

189 2825 193 2834 ·
349 2811 405 2850 -ro
427 2835 434 2850 .

278 2794 489 2949 §desudare
504 2892 652 2951 sententie
670 2892 822 2973 proprium
835 2888 1005 2951 Clitomachi
1019 2887 1166 2968 judicium
1185 2886 1312 2946 additur.

276 2987 344 3044 Esse
358 2986 477 3063 quidem
491 3009 536 3048 res
555 2989 720 3064 dissimiles,
738 2991 758 3049 i.
770 3011 795 3050 e.
808 2992 848 3050 ita
863 2988 1001 3066 distingui
1015 2985 1060 3044 rea
1072 3005 1174 3064 posse,
1208 2985 1313 3043 utalia

278 3079 444 3158 probabiles
454 3083 623 3158 videantur,
636 3087 699 3147 aliae
713 3106 814 3146 secus:
830 3085 881 3146 sed
892 3085 969 3144 hanc
981 3079 1251 3141 dissimilitudinem
1258 3101 1312 3140 non

279 3199 341 3238 ⁰⁵⁵0
355 3193 482 3254 tantam,
505 3197 539 3242 ut
553 3185 639 3244 etiam
654 3186 782 3266 percipi,
799 3200 828 3246 et
848 3199 960 3258 eontra,
978 3181 1100 3263 possint.
1121 3181 1220 3242 Multa
1238 3183 1312 3239 enim

280 3274 349 3334 tatsa
371 3298 460 3355 quum
473 3281 550 3350 sint,
570 3295 665 3342 tamen
685 3303 747 3343 esse
762 3281 947 3362 probabilia:
964 3280 1067 3340 salsum
1079 3291 1177 3338 autem
1195 3278 1227 3338 in
1248 3297 1312 3356 per-

281 3370 370 3448 ceptifl
388 3376 566 3454 cognitisque
578 3379 649 3456 poni
659 3399 718 3438 non
734 3399 828 3458 posse.
849 3384 916 3440 Non
932 3366 1021 3455 igitur
1034 3373 1071 3434 ab
1088 3373 1145 3432 har.
1156 3373 1314 3433 Academia

224 3531 227 3538 .
281 3485 416 3528 Sfflsuum
435 3471 494 3530 vim
512 3475 600 3554 eripi,
620 3477 731 3556 quippe
744 3497 809 3555 quae
828 3497 877 3536 res
890 3473 1022 3536 sensibus
1037 3471 1183 3549 subjectas
1197 3463 1314 3530 minime

282 3577 384 3640 neget,
395 3567 458 3624 Veri
469 3569 557 3629 modo
570 3585 688 3646 notam,
702 3573 748 3633 bis
757 3575 943 3652 impressam,
958 3589 1019 3630 non
1031 3580 1178 3648 agnoscat.
1195 3567 1313 3647 Duplici

281 3657 521 3736 tendentious,
535 3669 692 3746 sapientem
701 3669 838 3730 cohibere
851 3689 982 3730 assensus
992 3713 1001 3740 ,
1010 3667 1087 3726 dici:
1102 3665 1129 3724 si
1137 3664 1186 3724 vel
1194 3665 1314 3726 omnino

283 3757 326 3814 rei
342 3758 414 3818 nulli
428 3763 616 3839 assentiatur3
641 3770 687 3836 vel
701 3769 726 3827 si
743 3768 876 3828 modain
895 3785 1029 3828 sermone
1044 3784 1076 3823 se
1094 3763 1266 3836 contineat,
1281 3781 1314 3819 ne

281 3853 353 3932 ‘l'lid
367 3869 417 3915 ³¹st
429 3872 530 3936 neget,
552 3875 603 3921 aut
616 3884 671 3943 pro
688 3879 768 3926 certo
782 3866 916 3924 affirmet.
932 3869 1096 3939 Utrumque
1115 3861 1234 3938 placere
1243 3881 1254 3931 ;
1277 3858 1314 3916 sic

282 3965 378 4012 m
393 3955 552 4032 P⁰⁵i⁰fi¹1⁵r
566 3972 600 4017 ut
606 3961 776 4038 probabile,
790 3962 1025 4041 ubicumqueaut
1034 3957 1126 4030 adsit,
1140 3969 1192 4020 aut
1203 3955 1313 4015 deside

284 4063 378 4124 tetur,
398 4052 428 4112 id
439 4052 489 4112 ille
503 4054 531 4111 in
546 4072 678 4118 sermone
690 4071 818 4120 testetur.
832 4059 986 4120 Admisissc
1001 4054 1215 4116 Clitomachum
1229 4055 1313 4114 etiam
