2784 4666
402 441 404 447 .
486 373 697 444 'tineus
1056 369 1124 472 593

69 499 166 598 goris
185 512 220 570 et
239 495 384 578 caloris,
402 494 644 564 concretionis
660 507 696 562 et
714 492 881 586 liquoris,
900 509 1044 571 careant
1061 521 1125 566 au·

69 624 144 680 tem
166 608 265 676 omni
290 603 523 699 intelligentia
551 617 660 698 atque
684 600 844 686 ratione,
865 623 967 696 quae‚
996 605 1063 672 nisi
1089 607 1127 673 in

68 718 209 805 anime,
232 715 328 785 nulla
347 713 414 783 alia
434 713 470 780 in
490 726 617 781 natura
638 713 874 808 reperiantur.
896 713 1044 782 Animus
1064 738 1129 784 au-

68 840 141 896 tem
166 847 311 896 sensum
329 829 488 893 'omnem
518 817 644 916 cffugit
663 818 863 891 oculorum.
890 824 936 892 At
956 820 1068 916 ignis,
1094 839 1130 895 et

68 957 182 1029 aqua,
197 947 234 1004 et
246 947 340 1004 terra
350 984 360 1015 ‚
370 945 406 1000 et
424 954 497 1015 aer,
512 952 665 1025 corpora
678 942 782 1016 sunt,
793 953 908 1025 eaque
923 945 1130 1006 cernuntur.

69 1043 176 1114 lllum
197 1055 338 1128 autem,
357 1039 422 1134 qui
440 1037 682 1132 intelligentia
703 1040 956 1135 sapientiaque
975 1063 1013 1110 se
1036 1064 1132 1110 ama·

69 1169 189 1227 torem
203 1153 406 1252 profitetur,
415 1175 559 1222 necesse
573 1165 626 1222 est
635 1204 644 1238 ‚
653 1151 884 1250 intelligentis
893 1155 1134 1251 sapientisque

69 1285 210 1340 naturae
238 1270 374 1367 primas
397 1289 520 1336 causas
545 1267 779 1363 conquirere3
811 1265 942 1338 deinde
963 1268 1137 1341 secundas

69 1403 195 1451 causas
220 1402 342 1448 rerum
368 1400 512 1464 earum,
544 1400 625 1472 quae
649 1378 849 1450 necessario
870 1394 1018 1450 movent
1033 1379 1138 1462 alias,

69 1513 190 1587 quum
226 1491 310 1585 ipsae
339 1485 385 1558 ab
414 1486 491 1558 aliis
517 1500 720 1556 moventur.
752 1488 929 1575 Quocirca
953 1488 1060 1561 nobis
1087 1493 1138 1562 sic

71 1623 185 1670 cerno
215 1621 291 1668 esse
322 1593 548 1680 faciendum,
573 1607 615 1665 ut
639 1593 685 1665 de
710 1609 868 1691 utroque
896 1613 964 1669 nos
988 1598 1135 1695 quidem

69 1709 232 1780 dicamus
255 1729 385 1803 genere
411 1725 621 1789 causarum,
660 1706 849 1800 separatim
869 1719 988 1776 autem
1010 1705 1055 1778 de
1073 1709 1138 1795 iis,

69 1843 153 1915 quae
162 1842 243 1888 cum
257 1813 492 1910 intelligentia
505 1826 589 1882 sunt
599 1809 792 1883 efficientes
811 1813 1135 1910 pulcherrimarum

68 1951 215 2012 rerum,
247 1937 356 2019 atque
385 1923 622 2018 optimarum
644 1934 680 1990 et
703 1918 748 1990 de
777 1922 839 2008 iis,
871 1948 950 2020 quae
971 1941 1137 1999 vacantes

67 2034 284 2134 prudentia,
304 2029 546 2101 inconstantia
573 2028 854 2127 perturbataque
881 2032 1054 2107 efficiunt.
1086 2041 1136 2110 Ac
1220 2059 1222 2064 ·

66 2145 120 2216 de
150 2141 339 2214 oculorum
362 2137 510 2236 quidem
540 2140 668 2227 causis,
689 2155 730 2211 ut
747 2139 924 2214 haberent
945 2168 1024 2215 eam
1041 2150 1136 2236 vim,

67 2275 183 2350 quam
213 2271 311 2320 nunc
332 2247 492 2335 habent,
519 2250 602 2320 satis
623 2247 735 2320 ferme
766 2275 842 2322 esse
869 2251 1005 2326 dictum
1031 2273 1134 2354 puto.

67 2363 228 2432 Maxima
245 2371 364 2428 autem
385 2381 511 2428 eorum
529 2359 662 2429 utilitas
679 2359 811 2434 donata
828 2361 989 2436 humano
1012 2371 1136 2464 generi

70 2471 223 2543 deorum
253 2490 404 2537 munere
436 2464 607 2566 deinceps
635 2469 844 2566 explicetur.
875 2477 1007 2545 Rerum
1036 2479 1133 2548 enim

70 2580 292 2680 optimarum
321 2577 545 2674 cognitiones
568 2577 673 2650 nobis
694 2579 790 2662 oculi
810 2582 1019 2656 attulerunt.
1041 2589 1133 2656 Nam

71 2690 171 2775 haec,
195 2712 274 2784 quae
295 2699 349 2757 est
366 2683 489 2756 habita
506 2684 551 2757 de
570 2691 810 2760 Universitate
828 2695 945 2762 oratio
965 2693 1131 2784 anobis,

71 2796 172 2870 haud
189 2817 361 2892 umquam
383 2808 477 2864 esset
495 2797 663 2882 inventa,
679 2797 713 2865 si
731 2821 850 2893 neque
872 2798 996 2886 sidera,
1013 2825 1133 2900 neque
1195 2809 1203 2828 ⁸

72 2909 139 2996 sol,
154 2929 274 3002 neque
288 2901 411 2973 caelum
426 2900 493 2973 sub
504 2903 695 2974 oculorum
703 2903 911 3002 adspectum
922 2907 1047 2981 cadere
1065 2935 1132 3008 po·

73 3019 238 3098 tuissent.
269 3015 375 3084 Nunc
402 3035 488 3083 vero
510 3011 585 3084 dies
608 3028 804 3111 noctesque
828 3017 942 3088 oculis
960 3021 1131 3115 cognitae,

74 3141 155 3198 tum
175 3123 356 3196 mensium
378 3144 631 3221 annorumque
658 3129 910 3196 conversiones
931 3126 976 3198 ad
1002 3153 1130 3202 nume·

72 3259 155 3308 rum
178 3231 388 3304 machinatae
407 3245 510 3318 sunt,
528 3246 565 3302 et
585 3236 739 3330 spatium
759 3238 931 3331 temporis
956 3237 1132 3312 demensa

74 3359 185 3432 sunt,
215 3357 252 3414 et
277 3339 324 3412 ad
343 3340 579 3436 quaestionem
601 3343 711 3413 totius
734 3357 867 3415 naturae
887 3346 1130 3443 impulerunt:

74 3452 208 3552 quibus
237 3475 282 3522 ex
316 3446 426 3519 rebus
457 3447 723 3548 philosophiam
747 3451 867 3550 adepti
892 3477 1034 3546 sumus;
1056 3484 1130 3557 quo

74 3564 174 3636 bono
197 3559 338 3631 nullum
360 3556 555 3656 optabilius
564 3585 575 3646 ‚⁴
592 3561 732 3632 nullum
751 3565 990 3658 praestantius,
1009 3593 1129 3668 neque

75 3675 199 3745 datum
218 3684 272 3741 est
293 3669 497 3740 mortalium
518 3671 639 3766 generi
658 3670 808 3742 deorum
827 3697 998 3747 concessu
1021 3691 1129 3775 atque

76 3805 247 3866 munere,
273 3802 393 3876 neque
412 3775 589 3849 debituri.

112 3949 135 3997 4.
158 3939 245 4000 Neque
263 3935 349 3982 daem
364 3946 399 3982 est
417 3934 587 4000 mortgeneri
629 3935 716 3994 l‚ao‚
733 3937 863 3986 transtulit.
884 3937 947 3987 Vide
964 3941 1034 3988 etiam
1053 3941 1129 4004 Epist.

77 4019 219 4067 deotmaro.
228 4023 302 4076 atque
308 4027 416 4075 munere,
427 4029 508 4078 mque
516 4012 586 4061 datt-
628 4013 660 4061 ad
669 4013 726 4063 Dir.
735 4017 793 4076 IV,
806 4022 830 4075 t,
844 4016 876 4064 rd
887 4018 1015 4075 Catonern,
1024 4029 1050 4093 et
1059 4019 1130 4067 Tuae.

78 4109 124 4148 tro.
139 4099 209 4146 Hane
222 4092 364 4142 “nuntiam
373 4091 460 4142 Cicero
472 4095 498 4141 in
507 4092 586 4143 And.
629 4094 656 4152 1,
678 4091 712 4142 ao
726 4105 733 4139 ε
755 4093 930 4160 -Phtlowptu
944 4109 1012 4157 vem,
1022 4097 1131 4146 omnium

149 4187 176 4253 Ι.
205 4193 410 4262 caeparstmte
943 4177 990 4250 38
