<?xml version="1.0" encoding="UTF-8"?>
<!DOCTYPE html PUBLIC "-//W3C//DTD XHTML 1.0 Transitional//EN"
    "http://www.w3.org/TR/xhtml1/DTD/xhtml1-transitional.dtd">
<html xmlns="http://www.w3.org/1999/xhtml" xml:lang="en" lang="en">
 <head>
  <title>
</title>
<meta http-equiv="Content-Type" content="text/html;charset=utf-8" />
  <meta name='ocr-system' content='tesseract 3.04.00' />
  <meta name='ocr-capabilities' content='ocr_page ocr_carea ocr_par ocr_line ocrx_word'/>
</head>
<body>
  <div class='ocr_page' id='page_1' title='image "./mtciceronisquae01lemagoog_0116.png"; bbox 0 0 2762 4682; ppageno 0'>
   <div class='ocr_carea' id='block_1_1' title="bbox 170 333 1326 2870">
    <p class='ocr_par' dir='ltr' id='par_1_1' title="bbox 242 333 941 428">
     <span class='ocr_line' id='line_1_1' title="bbox 242 333 941 428; baseline -0.003 -24"><span class='ocrx_word' id='word_1_1' title='bbox 242 333 290 428; x_wconf 80' lang='lat'>96</span> <span class='ocrx_word' id='word_1_2' title='bbox 612 333 941 405; x_wconf 88' lang='lat' dir='ltr'>INTRODUCTIO.</span> 
     </span>
    </p>

    <p class='ocr_par' dir='ltr' id='par_1_2' title="bbox 241 452 1322 968">
     <span class='ocr_line' id='line_1_2' title="bbox 241 452 1321 546; baseline 0.004 -30"><span class='ocrx_word' id='word_1_3' title='bbox 241 454 405 520; x_wconf 78' lang='lat' dir='ltr'><strong>Videntur</strong></span> <span class='ocrx_word' id='word_1_4' title='bbox 431 452 566 519; x_wconf 90' lang='lat' dir='ltr'>minime</span> <span class='ocrx_word' id='word_1_5' title='bbox 598 456 778 546; x_wconf 76' lang='lat' dir='ltr'>contempti</span> <span class='ocrx_word' id='word_1_6' title='bbox 803 452 1001 545; x_wconf 80' lang='lat' dir='ltr'><strong>philosophi.</strong></span> <span class='ocrx_word' id='word_1_7' title='bbox 1029 453 1074 546; x_wconf 80' lang='grc' dir='ltr'>ῌί</span> <span class='ocrx_word' id='word_1_8' title='bbox 1101 469 1222 544; x_wconf 69' lang='lat' dir='ltr'>negant</span> <span class='ocrx_word' id='word_1_9' title='bbox 1246 473 1321 519; x_wconf 84' lang='lat' dir='ltr'>esse</span> 
     </span>
     <span class='ocr_line' id='line_1_3' title="bbox 241 558 1322 651; baseline -0.003 -26"><span class='ocrx_word' id='word_1_10' title='bbox 241 560 441 649; x_wconf 86' lang='lat' dir='ltr'>quidquam,</span> <span class='ocrx_word' id='word_1_11' title='bbox 459 558 550 647; x_wconf 89' lang='lat' dir='ltr'>quod</span> <span class='ocrx_word' id='word_1_12' title='bbox 566 560 690 650; x_wconf 83' lang='lat' dir='ltr'>percipi</span> <span class='ocrx_word' id='word_1_13' title='bbox 703 562 806 651; x_wconf 83' lang='lat' dir='ltr'>possit</span> <span class='ocrx_word' id='word_1_14' title='bbox 818 562 1041 626; x_wconf 84' lang='lat' dir='ltr'>extrinsecus:</span> <span class='ocrx_word' id='word_1_15' title='bbox 1061 581 1097 624; x_wconf 88' lang='lat' dir='ltr'>ea</span> <span class='ocrx_word' id='word_1_16' title='bbox 1115 582 1149 625; x_wconf 88' lang='lat' dir='ltr'>se</span> <span class='ocrx_word' id='word_1_17' title='bbox 1160 559 1228 625; x_wconf 90' lang='lat' dir='ltr'>sola</span> <span class='ocrx_word' id='word_1_18' title='bbox 1247 583 1322 650; x_wconf 88' lang='lat' dir='ltr'>per·</span> 
     </span>
     <span class='ocr_line' id='line_1_4' title="bbox 242 664 1318 756; baseline -0.002 -24"><span class='ocrx_word' id='word_1_19' title='bbox 242 667 366 756; x_wconf 90' lang='lat' dir='ltr'>cipere,</span> <span class='ocrx_word' id='word_1_20' title='bbox 375 687 447 753; x_wconf 83' lang='lat' dir='ltr'>quae</span> <span class='ocrx_word' id='word_1_21' title='bbox 455 679 544 729; x_wconf 88' lang='lat' dir='ltr'>tactu</span> <span class='ocrx_word' id='word_1_22' title='bbox 555 665 673 730; x_wconf 88' lang='lat' dir='ltr'>intimo</span> <span class='ocrx_word' id='word_1_23' title='bbox 683 667 833 749; x_wconf 82' lang='lat' dir='ltr'>sentiant,</span> <span class='ocrx_word' id='word_1_24' title='bbox 843 683 882 732; x_wconf 95' lang='lat' dir='ltr'>ut</span> <span class='ocrx_word' id='word_1_25' title='bbox 896 664 1043 731; x_wconf 88' lang='lat' dir='ltr'>dolorem</span> <span class='ocrx_word' id='word_1_26' title='bbox 1055 681 1088 732; x_wconf 88' lang='lat' dir='ltr'>et</span> <span class='ocrx_word' id='word_1_27' title='bbox 1098 667 1318 755; x_wconf 81' lang='lat' dir='ltr'>voluptatem:</span> 
     </span>
     <span class='ocr_line' id='line_1_5' title="bbox 242 770 1320 861; baseline 0.001 -26"><span class='ocrx_word' id='word_1_28' title='bbox 242 793 351 861; x_wconf 89' lang='lat' dir='ltr'>neque</span> <span class='ocrx_word' id='word_1_29' title='bbox 369 794 423 856; x_wconf 90' lang='lat' dir='ltr'>se,</span> <span class='ocrx_word' id='word_1_30' title='bbox 449 794 517 859; x_wconf 87' lang='lat' dir='ltr'>quo</span> <span class='ocrx_word' id='word_1_31' title='bbox 539 770 621 860; x_wconf 88' lang='lat' dir='ltr'>quid</span> <span class='ocrx_word' id='word_1_32' title='bbox 641 772 770 856; x_wconf 89' lang='lat' dir='ltr'>colore,</span> <span class='ocrx_word' id='word_1_33' title='bbox 787 787 846 838; x_wconf 91' lang='lat' dir='ltr'>aut</span> <span class='ocrx_word' id='word_1_34' title='bbox 863 794 932 860; x_wconf 92' lang='lat' dir='ltr'>quo</span> <span class='ocrx_word' id='word_1_35' title='bbox 947 793 1030 836; x_wconf 90' lang='lat' dir='ltr'>sono</span> <span class='ocrx_word' id='word_1_36' title='bbox 1052 773 1113 855; x_wconf 86' lang='lat' dir='ltr'>sit,</span> <span class='ocrx_word' id='word_1_37' title='bbox 1130 772 1228 854; x_wconf 87' lang='lat' dir='ltr'>scire,</span> <span class='ocrx_word' id='word_1_38' title='bbox 1257 770 1320 836; x_wconf 88' lang='lat' dir='ltr'>sed</span> 
     </span>
     <span class='ocr_line' id='line_1_6' title="bbox 241 876 991 968; baseline 0.004 -27"><span class='ocrx_word' id='word_1_39' title='bbox 241 894 368 942; x_wconf 87' lang='lat' dir='ltr'>tanturn</span> <span class='ocrx_word' id='word_1_40' title='bbox 388 879 525 960; x_wconf 87' lang='lat' dir='ltr'>sentire,</span> <span class='ocrx_word' id='word_1_41' title='bbox 544 876 630 943; x_wconf 88' lang='lat' dir='ltr'>affici</span> <span class='ocrx_word' id='word_1_42' title='bbox 646 901 681 944; x_wconf 90' lang='lat' dir='ltr'>se</span> <span class='ocrx_word' id='word_1_43' title='bbox 697 877 841 968; x_wconf 87' lang='lat' dir='ltr'>quodam</span> <span class='ocrx_word' id='word_1_44' title='bbox 853 879 991 944; x_wconf 81' lang='lat' dir='ltr'>modo».</span> 
     </span>
    </p>

    <p class='ocr_par' dir='ltr' id='par_1_3' title="bbox 170 981 1325 2022">
     <span class='ocr_line' id='line_1_7' title="bbox 286 981 1323 1074; baseline -0.001 -27"><span class='ocrx_word' id='word_1_45' title='bbox 286 983 339 1071; x_wconf 86' lang='lat'>76.</span> <span class='ocrx_word' id='word_1_46' title='bbox 360 981 452 1047; x_wconf 89' lang='lat' dir='ltr'>Idem</span> <span class='ocrx_word' id='word_1_47' title='bbox 476 982 574 1047; x_wconf 89' lang='lat' dir='ltr'>etiam</span> <span class='ocrx_word' id='word_1_48' title='bbox 597 981 638 1047; x_wconf 92' lang='lat' dir='ltr'>de</span> <span class='ocrx_word' id='word_1_49' title='bbox 662 982 724 1048; x_wconf 90' lang='lat' dir='ltr'>hac</span> <span class='ocrx_word' id='word_1_50' title='bbox 744 984 998 1074; x_wconf 78' lang='lat' dir='ltr'>Cyrenaicorum</span> <span class='ocrx_word' id='word_1_51' title='bbox 1023 981 1182 1048; x_wconf 85' lang='lat' dir='ltr'>sententia</span> <span class='ocrx_word' id='word_1_52' title='bbox 1203 981 1323 1046; x_wconf 76' lang='lat' dir='ltr'>scribit</span> 
     </span>
     <span class='ocr_line' id='line_1_8' title="bbox 241 1089 1321 1178; baseline -0.001 -24"><span class='ocrx_word' id='word_1_53' title='bbox 241 1089 388 1154; x_wconf 89' lang='lat' dir='ltr'>Laertius</span> <span class='ocrx_word' id='word_1_54' title='bbox 396 1089 429 1152; x_wconf 93' lang='lat' dir='ltr'>in</span> <span class='ocrx_word' id='word_1_55' title='bbox 444 1089 611 1178; x_wconf 80' lang='lat' dir='ltr'>Aristippo</span> <span class='ocrx_word' id='word_1_56' title='bbox 628 1112 636 1154; x_wconf 90' lang='lat'><strong>:</strong></span> <span class='ocrx_word' id='word_1_57' title='bbox 655 1089 712 1154; x_wconf 89' lang='lat' dir='ltr'>sed</span> <span class='ocrx_word' id='word_1_58' title='bbox 722 1091 824 1155; x_wconf 83' lang='lat' dir='ltr'>multa</span> <span class='ocrx_word' id='word_1_59' title='bbox 837 1090 952 1155; x_wconf 80' lang='lat' dir='ltr'>Sextus</span> <span class='ocrx_word' id='word_1_60' title='bbox 970 1089 1035 1178; x_wconf 89' lang='lat'>(1),</span> <span class='ocrx_word' id='word_1_61' title='bbox 1053 1111 1150 1177; x_wconf 89' lang='lat' dir='ltr'>quem</span> <span class='ocrx_word' id='word_1_62' title='bbox 1165 1089 1321 1153; x_wconf 89' lang='lat' dir='ltr'>consulas</span> 
     </span>
     <span class='ocr_line' id='line_1_9' title="bbox 240 1181 1322 1285; baseline -0.002 -25"><span class='ocrx_word' id='word_1_63' title='bbox 240 1196 326 1260; x_wconf 91' lang='lat' dir='ltr'>licet.</span> <span class='ocrx_word' id='word_1_64' title='bbox 344 1193 537 1259; x_wconf 82' lang='lat' dir='ltr'>Plutarchus</span> <span class='ocrx_word' id='word_1_65' title='bbox 559 1193 606 1283; x_wconf 87' lang='lat' dir='ltr'>(a)</span> <span class='ocrx_word' id='word_1_66' title='bbox 625 1197 747 1284; x_wconf 86' lang='lat' dir='ltr'>optime</span> <span class='ocrx_word' id='word_1_67' title='bbox 764 1181 852 1262; x_wconf 83' lang='lat' dir='ltr'>illam</span> <span class='ocrx_word' id='word_1_68' title='bbox 869 1195 1020 1285; x_wconf 82' lang='lat' dir='ltr'>explicat,</span> <span class='ocrx_word' id='word_1_69' title='bbox 1036 1210 1070 1259; x_wconf 90' lang='lat' dir='ltr'>et</span> <span class='ocrx_word' id='word_1_70' title='bbox 1087 1217 1106 1258; x_wconf 87' lang='lat' dir='ltr'>a</span> <span class='ocrx_word' id='word_1_71' title='bbox 1121 1195 1243 1259; x_wconf 79' lang='lat' dir='ltr'>Colotte</span> <span class='ocrx_word' id='word_1_72' title='bbox 1263 1215 1322 1258; x_wconf 87' lang='lat' dir='ltr'>ca·</span> 
     </span>
     <span class='ocr_line' id='line_1_10' title="bbox 242 1299 1321 1390; baseline -0.002 -24"><span class='ocrx_word' id='word_1_73' title='bbox 242 1301 368 1366; x_wconf 91' lang='lat' dir='ltr'>lumuia</span> <span class='ocrx_word' id='word_1_74' title='bbox 386 1299 534 1365; x_wconf 86' lang='lat' dir='ltr'>defendit</span> <span class='ocrx_word' id='word_1_75' title='bbox 551 1323 559 1366; x_wconf 92' lang='lat'><strong>:</strong></span> <span class='ocrx_word' id='word_1_76' title='bbox 576 1331 589 1357; x_wconf 76' lang='grc' dir='ltr'>ι</span> <span class='ocrx_word' id='word_1_77' title='bbox 605 1301 655 1365; x_wconf 88' lang='lat' dir='ltr'>Illi</span> <span class='ocrx_word' id='word_1_78' title='bbox 668 1317 746 1367; x_wconf 81' lang='lat' dir='ltr'>tero</span> <span class='ocrx_word' id='word_1_79' title='bbox 758 1325 863 1390; x_wconf 89' lang='lat' dir='ltr'>quum</span> <span class='ocrx_word' id='word_1_80' title='bbox 878 1301 1068 1367; x_wconf 80' lang='lat' dir='ltr'>affectiones</span> <span class='ocrx_word' id='word_1_81' title='bbox 1084 1316 1117 1365; x_wconf 89' lang='lat' dir='ltr'>et</span> <span class='ocrx_word' id='word_1_82' title='bbox 1132 1301 1321 1388; x_wconf 80' lang='lat' dir='ltr'>phantasias</span> 
     </span>
     <span class='ocr_line' id='line_1_11' title="bbox 242 1405 1323 1494; baseline -0.003 -22"><span class='ocrx_word' id='word_1_83' title='bbox 242 1407 328 1472; x_wconf 89' lang='lat' dir='ltr'>intra</span> <span class='ocrx_word' id='word_1_84' title='bbox 341 1407 464 1494; x_wconf 89' lang='lat' dir='ltr'>seipsos</span> <span class='ocrx_word' id='word_1_85' title='bbox 478 1406 679 1494; x_wconf 87' lang='lat' dir='ltr'>posuissent,</span> <span class='ocrx_word' id='word_1_86' title='bbox 701 1430 769 1472; x_wconf 88' lang='lat' dir='ltr'>non</span> <span class='ocrx_word' id='word_1_87' title='bbox 784 1407 1009 1472; x_wconf 87' lang='lat' dir='ltr'>existimarunt</span> <span class='ocrx_word' id='word_1_88' title='bbox 1026 1405 1147 1470; x_wconf 89' lang='lat' dir='ltr'>horum</span> <span class='ocrx_word' id='word_1_89' title='bbox 1167 1406 1323 1470; x_wconf 86' lang='lat' dir='ltr'>testimo-</span> 
     </span>
     <span class='ocr_line' id='line_1_12' title="bbox 243 1510 1321 1602; baseline -0.001 -24"><span class='ocrx_word' id='word_1_90' title='bbox 243 1514 297 1578; x_wconf 89' lang='lat' dir='ltr'>nia</span> <span class='ocrx_word' id='word_1_91' title='bbox 315 1514 389 1576; x_wconf 87' lang='lat' dir='ltr'>satis</span> <span class='ocrx_word' id='word_1_92' title='bbox 416 1511 535 1578; x_wconf 85' lang='lat' dir='ltr'>idonea</span> <span class='ocrx_word' id='word_1_93' title='bbox 557 1511 599 1578; x_wconf 91' lang='lat' dir='ltr'>ad</span> <span class='ocrx_word' id='word_1_94' title='bbox 617 1515 811 1579; x_wconf 90' lang='lat' dir='ltr'>sententiam</span> <span class='ocrx_word' id='word_1_95' title='bbox 831 1513 873 1579; x_wconf 91' lang='lat' dir='ltr'>de</span> <span class='ocrx_word' id='word_1_96' title='bbox 894 1514 993 1580; x_wconf 88' lang='lat' dir='ltr'>rebus</span> <span class='ocrx_word' id='word_1_97' title='bbox 1018 1513 1095 1602; x_wconf 88' lang='lat' dir='ltr'>ipsis</span> <span class='ocrx_word' id='word_1_98' title='bbox 1120 1510 1290 1576; x_wconf 86' lang='lat' dir='ltr'>ferendam</span> <span class='ocrx_word' id='word_1_99' title='bbox 1312 1535 1321 1577; x_wconf 95' lang='lat'><strong>:</strong></span> 
     </span>
     <span class='ocr_line' id='line_1_13' title="bbox 170 1618 1323 1710; baseline -0.004 -24"><span class='ocrx_word' id='word_1_100' title='bbox 170 1697 177 1708; x_wconf 40' lang='grc'><strong>,</strong></span> <span class='ocrx_word' id='word_1_101' title='bbox 242 1618 318 1702; x_wconf 86' lang='lat' dir='ltr'>scd,</span> <span class='ocrx_word' id='word_1_102' title='bbox 329 1618 431 1684; x_wconf 82' lang='lat' dir='ltr'>veluti</span> <span class='ocrx_word' id='word_1_103' title='bbox 448 1621 483 1684; x_wconf 93' lang='lat' dir='ltr'>in</span> <span class='ocrx_word' id='word_1_104' title='bbox 502 1619 674 1685; x_wconf 90' lang='lat' dir='ltr'>obsidione</span> <span class='ocrx_word' id='word_1_105' title='bbox 687 1621 727 1684; x_wconf 91' lang='lat' dir='ltr'>ab</span> <span class='ocrx_word' id='word_1_106' title='bbox 741 1621 780 1685; x_wconf 89' lang='lat' dir='ltr'>iis</span> <span class='ocrx_word' id='word_1_107' title='bbox 795 1643 868 1710; x_wconf 87' lang='lat' dir='ltr'>quae</span> <span class='ocrx_word' id='word_1_108' title='bbox 883 1637 971 1686; x_wconf 83' lang='lat' dir='ltr'>extra</span> <span class='ocrx_word' id='word_1_109' title='bbox 981 1618 1098 1684; x_wconf 87' lang='lat' dir='ltr'>moenia</span> <span class='ocrx_word' id='word_1_110' title='bbox 1114 1633 1210 1700; x_wconf 90' lang='lat' dir='ltr'>sunt,</span> <span class='ocrx_word' id='word_1_111' title='bbox 1227 1637 1323 1682; x_wconf 87' lang='lat' dir='ltr'>rece·</span> 
     </span>
     <span class='ocr_line' id='line_1_14' title="bbox 243 1721 1324 1815; baseline -0.003 -26"><span class='ocrx_word' id='word_1_112' title='bbox 243 1724 374 1808; x_wconf 91' lang='lat' dir='ltr'>dentes,</span> <span class='ocrx_word' id='word_1_113' title='bbox 390 1725 476 1790; x_wconf 84' lang='lat' dir='ltr'>intra</span> <span class='ocrx_word' id='word_1_114' title='bbox 492 1725 681 1790; x_wconf 79' lang='lat' dir='ltr'>affectiones</span> <span class='ocrx_word' id='word_1_115' title='bbox 698 1749 732 1790; x_wconf 91' lang='lat' dir='ltr'>se</span> <span class='ocrx_word' id='word_1_116' title='bbox 749 1726 837 1815; x_wconf 92' lang='lat' dir='ltr'>ipsos</span> <span class='ocrx_word' id='word_1_117' title='bbox 863 1726 1112 1807; x_wconf 88' lang='lat' dir='ltr'>concluserunt,</span> <span class='ocrx_word' id='word_1_118' title='bbox 1131 1721 1172 1788; x_wconf 92' lang='lat' dir='ltr'>de</span> <span class='ocrx_word' id='word_1_119' title='bbox 1188 1723 1226 1788; x_wconf 84' lang='lat' dir='ltr'>iis</span> <span class='ocrx_word' id='word_1_120' title='bbox 1245 1739 1324 1811; x_wconf 78' lang='lat' dir='ltr'>quae</span> 
     </span>
     <span class='ocr_line' id='line_1_15' title="bbox 244 1830 1325 1918; baseline -0.004 -22"><span class='ocrx_word' id='word_1_121' title='bbox 244 1848 334 1896; x_wconf 85' lang='lat' dir='ltr'>extra</span> <span class='ocrx_word' id='word_1_122' title='bbox 357 1849 457 1914; x_wconf 91' lang='lat' dir='ltr'>sunt,</span> <span class='ocrx_word' id='word_1_123' title='bbox 478 1853 620 1897; x_wconf 80' lang='lat' dir='ltr'>vrnsrnn</span> <span class='ocrx_word' id='word_1_124' title='bbox 647 1831 813 1916; x_wconf 71' lang='lat' dir='ltr'>dicentes,</span> <span class='ocrx_word' id='word_1_125' title='bbox 837 1855 893 1898; x_wconf 81' lang='lat' dir='ltr'>ssu</span> <span class='ocrx_word' id='word_1_126' title='bbox 912 1853 1014 1914; x_wconf 84' lang='lat' dir='ltr'>vero,</span> <span class='ocrx_word' id='word_1_127' title='bbox 1031 1830 1072 1896; x_wconf 91' lang='lat' dir='ltr'>de</span> <span class='ocrx_word' id='word_1_128' title='bbox 1095 1831 1134 1895; x_wconf 90' lang='lat' dir='ltr'>iis</span> <span class='ocrx_word' id='word_1_129' title='bbox 1151 1845 1325 1918; x_wconf 72' lang='lat' dir='ltr'>quaesunt</span> 
     </span>
     <span class='ocr_line' id='line_1_16' title="bbox 244 1937 599 2022; baseline 0.006 -20"><span class='ocrx_word' id='word_1_130' title='bbox 244 1938 351 2022; x_wconf 89' lang='lat' dir='ltr'>intra,</span> <span class='ocrx_word' id='word_1_131' title='bbox 368 1937 564 2004; x_wconf 86' lang='lat' dir='ltr'>affirmantes</span> <span class='ocrx_word' id='word_1_132' title='bbox 575 1969 599 2004; x_wconf 79' lang='grc' dir='ltr'>ι.</span> 
     </span>
    </p>

    <p class='ocr_par' dir='ltr' id='par_1_4' title="bbox 244 2042 1326 2870">
     <span class='ocr_line' id='line_1_17' title="bbox 289 2042 1324 2133; baseline -0.001 -27"><span class='ocrx_word' id='word_1_133' title='bbox 289 2065 343 2130; x_wconf 90' lang='lat'>77.</span> <span class='ocrx_word' id='word_1_134' title='bbox 370 2043 413 2107; x_wconf 91' lang='lat' dir='ltr'>Et</span> <span class='ocrx_word' id='word_1_135' title='bbox 435 2043 544 2132; x_wconf 89' lang='lat' dir='ltr'>paullo</span> <span class='ocrx_word' id='word_1_136' title='bbox 560 2059 636 2133; x_wconf 92' lang='lat' dir='ltr'>post</span> <span class='ocrx_word' id='word_1_137' title='bbox 651 2043 697 2132; x_wconf 80' lang='lat'>(3)</span> <span class='ocrx_word' id='word_1_138' title='bbox 713 2066 722 2110; x_wconf 75' lang='grc' dir='ltr'><strong><em>ε</em></strong></span> <span class='ocrx_word' id='word_1_139' title='bbox 739 2043 916 2133; x_wconf 77' lang='lat' dir='ltr'>«Namque</span> <span class='ocrx_word' id='word_1_140' title='bbox 933 2042 1021 2108; x_wconf 87' lang='lat' dir='ltr'>dtdci</span> <span class='ocrx_word' id='word_1_141' title='bbox 1035 2059 1135 2132; x_wconf 83' lang='lat' dir='ltr'>gustu</span> <span class='ocrx_word' id='word_1_142' title='bbox 1152 2057 1185 2106; x_wconf 91' lang='lat' dir='ltr'>et</span> <span class='ocrx_word' id='word_1_143' title='bbox 1207 2058 1324 2106; x_wconf 87' lang='lat' dir='ltr'>amaro</span> 
     </span>
     <span class='ocr_line' id='line_1_18' title="bbox 245 2145 1325 2239; baseline -0.002 -27"><span class='ocrx_word' id='word_1_144' title='bbox 245 2146 349 2230; x_wconf 84' lang='lat' dir='ltr'>affici,</span> <span class='ocrx_word' id='word_1_145' title='bbox 366 2148 530 2212; x_wconf 88' lang='lat' dir='ltr'>etlumine</span> <span class='ocrx_word' id='word_1_146' title='bbox 540 2165 572 2212; x_wconf 91' lang='lat' dir='ltr'>et</span> <span class='ocrx_word' id='word_1_147' title='bbox 582 2149 724 2214; x_wconf 86' lang='lat' dir='ltr'>tenebris</span> <span class='ocrx_word' id='word_1_148' title='bbox 737 2149 865 2239; x_wconf 86' lang='lat' dir='ltr'>percelli</span> <span class='ocrx_word' id='word_1_149' title='bbox 878 2171 913 2214; x_wconf 88' lang='lat' dir='ltr'>se</span> <span class='ocrx_word' id='word_1_150' title='bbox 926 2150 1038 2228; x_wconf 90' lang='lat' dir='ltr'>aiunt,</span> <span class='ocrx_word' id='word_1_151' title='bbox 1054 2170 1157 2236; x_wconf 90' lang='lat' dir='ltr'>quum</span> <span class='ocrx_word' id='word_1_152' title='bbox 1170 2145 1325 2210; x_wconf 86' lang='lat' dir='ltr'>videlicet</span> 
     </span>
     <span class='ocr_line' id='line_1_19' title="bbox 244 2251 1324 2346; baseline 0 -29"><span class='ocrx_word' id='word_1_153' title='bbox 244 2254 360 2318; x_wconf 85' lang='lat' dir='ltr'>harum</span> <span class='ocrx_word' id='word_1_154' title='bbox 369 2255 582 2319; x_wconf 88' lang='lat' dir='ltr'>affectionum</span> <span class='ocrx_word' id='word_1_155' title='bbox 593 2256 727 2346; x_wconf 74' lang='lat' dir='ltr'>singulae</span> <span class='ocrx_word' id='word_1_156' title='bbox 743 2279 801 2321; x_wconf 90' lang='lat' dir='ltr'>sua</span> <span class='ocrx_word' id='word_1_157' title='bbox 814 2257 945 2346; x_wconf 88' lang='lat' dir='ltr'>propria</span> <span class='ocrx_word' id='word_1_158' title='bbox 963 2254 1125 2320; x_wconf 82' lang='lat' dir='ltr'>evidentia</span> <span class='ocrx_word' id='word_1_159' title='bbox 1136 2251 1199 2342; x_wconf 76' lang='grc'>(4),</span> <span class='ocrx_word' id='word_1_160' title='bbox 1212 2251 1324 2317; x_wconf 86' lang='lat' dir='ltr'>nulla-</span> 
     </span>
     <span class='ocr_line' id='line_1_20' title="bbox 245 2358 1325 2450; baseline -0.004 -24"><span class='ocrx_word' id='word_1_161' title='bbox 245 2359 515 2450; x_wconf 86' lang='lat' dir='ltr'>quereimpedita</span> <span class='ocrx_word' id='word_1_162' title='bbox 529 2363 821 2428; x_wconf 88' lang='lat' dir='ltr'>constent.Verum</span> <span class='ocrx_word' id='word_1_163' title='bbox 832 2363 927 2428; x_wconf 86' lang='lat' dir='ltr'>dtdce</span> <span class='ocrx_word' id='word_1_164' title='bbox 937 2383 1006 2426; x_wconf 89' lang='lat' dir='ltr'>esse</span> <span class='ocrx_word' id='word_1_165' title='bbox 1019 2359 1141 2443; x_wconf 85' lang='lat' dir='ltr'>mel,et</span> <span class='ocrx_word' id='word_1_166' title='bbox 1149 2358 1240 2423; x_wconf 87' lang='lat' dir='ltr'>olivae</span> <span class='ocrx_word' id='word_1_167' title='bbox 1253 2374 1325 2422; x_wconf 88' lang='lat' dir='ltr'>ter-</span> 
     </span>
     <span class='ocr_line' id='line_1_21' title="bbox 245 2464 1326 2558; baseline -0.005 -26"><span class='ocrx_word' id='word_1_168' title='bbox 245 2468 359 2532; x_wconf 89' lang='lat' dir='ltr'>mitem</span> <span class='ocrx_word' id='word_1_169' title='bbox 378 2489 541 2548; x_wconf 89' lang='lat' dir='ltr'>amarum,</span> <span class='ocrx_word' id='word_1_170' title='bbox 558 2483 591 2532; x_wconf 89' lang='lat' dir='ltr'>et</span> <span class='ocrx_word' id='word_1_171' title='bbox 609 2466 799 2558; x_wconf 80' lang='lat' dir='ltr'>grandinem</span> <span class='ocrx_word' id='word_1_172' title='bbox 821 2466 993 2558; x_wconf 84' lang='lat' dir='ltr'>frigidam,</span> <span class='ocrx_word' id='word_1_173' title='bbox 1012 2483 1045 2531; x_wconf 87' lang='lat' dir='ltr'>et</span> <span class='ocrx_word' id='word_1_174' title='bbox 1060 2464 1199 2530; x_wconf 88' lang='lat' dir='ltr'>calidum</span> <span class='ocrx_word' id='word_1_175' title='bbox 1218 2479 1326 2527; x_wconf 86' lang='lat' dir='ltr'>teme·</span> 
     </span>
     <span class='ocr_line' id='line_1_22' title="bbox 246 2569 1326 2656; baseline -0.005 -18"><span class='ocrx_word' id='word_1_176' title='bbox 246 2590 338 2656; x_wconf 90' lang='lat' dir='ltr'>tum,</span> <span class='ocrx_word' id='word_1_177' title='bbox 358 2589 391 2637; x_wconf 95' lang='lat' dir='ltr'>et</span> <span class='ocrx_word' id='word_1_178' title='bbox 409 2574 587 2638; x_wconf 88' lang='lat' dir='ltr'>obscurum</span> <span class='ocrx_word' id='word_1_179' title='bbox 607 2590 808 2639; x_wconf 90' lang='lat' dir='ltr'>nocturnum</span> <span class='ocrx_word' id='word_1_180' title='bbox 825 2597 949 2650; x_wconf 88' lang='lat' dir='ltr'>aerem,</span> <span class='ocrx_word' id='word_1_181' title='bbox 969 2573 1148 2635; x_wconf 89' lang='lat' dir='ltr'>multorum</span> <span class='ocrx_word' id='word_1_182' title='bbox 1167 2587 1233 2634; x_wconf 78' lang='lat' dir='ltr'>tarn</span> <span class='ocrx_word' id='word_1_183' title='bbox 1250 2569 1326 2634; x_wconf 89' lang='lat' dir='ltr'>ani·</span> 
     </span>
     <span class='ocr_line' id='line_1_23' title="bbox 246 2676 1325 2768; baseline -0.006 -23"><span class='ocrx_word' id='word_1_184' title='bbox 246 2679 380 2744; x_wconf 83' lang='lat' dir='ltr'>melium</span> <span class='ocrx_word' id='word_1_185' title='bbox 397 2701 496 2766; x_wconf 88' lang='lat' dir='ltr'>quam</span> <span class='ocrx_word' id='word_1_186' title='bbox 506 2701 616 2742; x_wconf 88' lang='lat' dir='ltr'>rerum</span> <span class='ocrx_word' id='word_1_187' title='bbox 633 2694 731 2768; x_wconf 92' lang='lat' dir='ltr'>atque</span> <span class='ocrx_word' id='word_1_188' title='bbox 745 2680 917 2747; x_wconf 88' lang='lat' dir='ltr'>hominum</span> <span class='ocrx_word' id='word_1_189' title='bbox 929 2676 1122 2741; x_wconf 88' lang='lat' dir='ltr'>testimoniis</span> <span class='ocrx_word' id='word_1_190' title='bbox 1135 2677 1325 2764; x_wconf 85' lang='lat' dir='ltr'>impugnari</span> 
     </span>
     <span class='ocr_line' id='line_1_24' title="bbox 246 2779 1324 2870; baseline -0.006 -21"><span class='ocrx_word' id='word_1_191' title='bbox 246 2807 283 2850; x_wconf 86' lang='lat' dir='ltr'>ac</span> <span class='ocrx_word' id='word_1_192' title='bbox 300 2783 402 2848; x_wconf 87' lang='lat' dir='ltr'>refelli</span> <span class='ocrx_word' id='word_1_193' title='bbox 427 2805 435 2846; x_wconf 91' lang='lat'><strong>:</strong></span> <span class='ocrx_word' id='word_1_194' title='bbox 457 2804 560 2870; x_wconf 89' lang='lat' dir='ltr'>quum</span> <span class='ocrx_word' id='word_1_195' title='bbox 578 2781 710 2870; x_wconf 90' lang='lat' dir='ltr'>quidam</span> <span class='ocrx_word' id='word_1_196' title='bbox 732 2782 798 2846; x_wconf 90' lang='lat' dir='ltr'>mel</span> <span class='ocrx_word' id='word_1_197' title='bbox 821 2798 1026 2864; x_wconf 80' lang='lat' dir='ltr'>aversentur,</span> <span class='ocrx_word' id='word_1_198' title='bbox 1045 2779 1178 2870; x_wconf 89' lang='lat' dir='ltr'>quidam</span> <span class='ocrx_word' id='word_1_199' title='bbox 1195 2779 1324 2870; x_wconf 82' lang='lat' dir='ltr'>oleagi-</span> 
     </span>
    </p>
   </div>
   <div class='ocr_carea' id='block_1_2' title="bbox 245 2885 1326 3606">
    <p class='ocr_par' dir='ltr' id='par_1_5' title="bbox 245 2885 1326 3606">
     <span class='ocr_line' id='line_1_25' title="bbox 247 2885 1326 2978; baseline -0.004 -24"><span class='ocrx_word' id='word_1_200' title='bbox 247 2913 347 2954; x_wconf 88' lang='lat' dir='ltr'>neum</span> <span class='ocrx_word' id='word_1_201' title='bbox 364 2911 491 2953; x_wconf 89' lang='lat' dir='ltr'>ramum</span> <span class='ocrx_word' id='word_1_202' title='bbox 509 2887 626 2976; x_wconf 92' lang='lat' dir='ltr'>cupide</span> <span class='ocrx_word' id='word_1_203' title='bbox 644 2904 791 2978; x_wconf 81' lang='lat' dir='ltr'>gustent,</span> <span class='ocrx_word' id='word_1_204' title='bbox 812 2889 865 2952; x_wconf 89' lang='lat' dir='ltr'>alii</span> <span class='ocrx_word' id='word_1_205' title='bbox 882 2885 1039 2978; x_wconf 84' lang='lat' dir='ltr'>grandine</span> <span class='ocrx_word' id='word_1_206' title='bbox 1055 2903 1208 2967; x_wconf 91' lang='lat' dir='ltr'>urantur,</span> <span class='ocrx_word' id='word_1_207' title='bbox 1227 2887 1326 2950; x_wconf 89' lang='lat' dir='ltr'>refri-</span> 
     </span>
     <span class='ocr_line' id='line_1_26' title="bbox 246 2993 1325 3085; baseline -0.003 -25"><span class='ocrx_word' id='word_1_208' title='bbox 246 3011 400 3085; x_wconf 82' lang='lat' dir='ltr'>gerentur</span> <span class='ocrx_word' id='word_1_209' title='bbox 415 2994 510 3076; x_wconf 83' lang='lat' dir='ltr'>vino,</span> <span class='ocrx_word' id='word_1_210' title='bbox 540 2993 576 3056; x_wconf 93' lang='lat' dir='ltr'>in</span> <span class='ocrx_word' id='word_1_211' title='bbox 594 2993 661 3057; x_wconf 91' lang='lat' dir='ltr'>sole</span> <span class='ocrx_word' id='word_1_212' title='bbox 678 2994 869 3080; x_wconf 74' lang='lat' dir='ltr'>caecutiant,</span> <span class='ocrx_word' id='word_1_213' title='bbox 888 3010 991 3058; x_wconf 90' lang='lat' dir='ltr'>noctu</span> <span class='ocrx_word' id='word_1_214' title='bbox 1008 2994 1148 3058; x_wconf 85' lang='lat' dir='ltr'>videant.</span> <span class='ocrx_word' id='word_1_215' title='bbox 1166 2993 1325 3080; x_wconf 89' lang='lat' dir='ltr'>Quapro-</span> 
     </span>
     <span class='ocr_line' id='line_1_27' title="bbox 245 3101 1325 3192; baseline -0.005 -24"><span class='ocrx_word' id='word_1_216' title='bbox 245 3120 318 3192; x_wconf 90' lang='lat' dir='ltr'>pter</span> <span class='ocrx_word' id='word_1_217' title='bbox 334 3101 446 3192; x_wconf 89' lang='lat' dir='ltr'>opinio</span> <span class='ocrx_word' id='word_1_218' title='bbox 465 3101 545 3166; x_wconf 88' lang='lat' dir='ltr'>dum</span> <span class='ocrx_word' id='word_1_219' title='bbox 563 3101 649 3166; x_wconf 90' lang='lat' dir='ltr'>intra</span> <span class='ocrx_word' id='word_1_220' title='bbox 666 3101 855 3166; x_wconf 86' lang='lat' dir='ltr'>affectiones</span> <span class='ocrx_word' id='word_1_221' title='bbox 870 3117 999 3184; x_wconf 88' lang='lat' dir='ltr'>manet,</span> <span class='ocrx_word' id='word_1_222' title='bbox 1015 3125 1035 3164; x_wconf 92' lang='lat' dir='ltr'>a</span> <span class='ocrx_word' id='word_1_223' title='bbox 1050 3102 1141 3188; x_wconf 90' lang='lat' dir='ltr'>lapsu</span> <span class='ocrx_word' id='word_1_224' title='bbox 1158 3115 1192 3164; x_wconf 89' lang='lat' dir='ltr'>et</span> <span class='ocrx_word' id='word_1_225' title='bbox 1209 3121 1325 3164; x_wconf 89' lang='lat' dir='ltr'>errore</span> 
     </span>
     <span class='ocr_line' id='line_1_28' title="bbox 246 3207 1325 3295; baseline -0.001 -22"><span class='ocrx_word' id='word_1_226' title='bbox 246 3231 315 3273; x_wconf 87' lang='lat' dir='ltr'>sese</span> <span class='ocrx_word' id='word_1_227' title='bbox 329 3225 433 3274; x_wconf 89' lang='lat' dir='ltr'>tutam</span> <span class='ocrx_word' id='word_1_228' title='bbox 453 3225 640 3290; x_wconf 80' lang='lat' dir='ltr'>conservat3</span> <span class='ocrx_word' id='word_1_229' title='bbox 660 3207 781 3272; x_wconf 88' lang='lat' dir='ltr'>sivero</span> <span class='ocrx_word' id='word_1_230' title='bbox 805 3222 897 3272; x_wconf 86' lang='lat' dir='ltr'>exeat</span> <span class='ocrx_word' id='word_1_231' title='bbox 916 3223 950 3272; x_wconf 91' lang='lat' dir='ltr'>et</span> <span class='ocrx_word' id='word_1_232' title='bbox 972 3209 1098 3273; x_wconf 90' lang='lat' dir='ltr'>curiose</span> <span class='ocrx_word' id='word_1_233' title='bbox 1120 3207 1218 3272; x_wconf 88' lang='lat' dir='ltr'>rebus</span> <span class='ocrx_word' id='word_1_234' title='bbox 1247 3229 1325 3295; x_wconf 81' lang='lat' dir='ltr'>quae</span> 
     </span>
     <span class='ocr_line' id='line_1_29' title="bbox 247 3311 1325 3404; baseline 0.001 -27"><span class='ocrx_word' id='word_1_235' title='bbox 247 3331 336 3378; x_wconf 86' lang='lat' dir='ltr'>extra</span> <span class='ocrx_word' id='word_1_236' title='bbox 349 3330 444 3395; x_wconf 89' lang='lat' dir='ltr'>sunt,</span> <span class='ocrx_word' id='word_1_237' title='bbox 460 3337 494 3380; x_wconf 89' lang='lat' dir='ltr'>se</span> <span class='ocrx_word' id='word_1_238' title='bbox 506 3315 703 3397; x_wconf 87' lang='lat' dir='ltr'>immisceat,</span> <span class='ocrx_word' id='word_1_239' title='bbox 722 3314 791 3378; x_wconf 88' lang='lat' dir='ltr'>illas</span> <span class='ocrx_word' id='word_1_240' title='bbox 803 3314 1007 3398; x_wconf 87' lang='lat' dir='ltr'>judicatura,</span> <span class='ocrx_word' id='word_1_241' title='bbox 1026 3331 1083 3378; x_wconf 92' lang='lat' dir='ltr'>aut</span> <span class='ocrx_word' id='word_1_242' title='bbox 1099 3311 1228 3403; x_wconf 88' lang='lat' dir='ltr'>deipsis</span> <span class='ocrx_word' id='word_1_243' title='bbox 1244 3337 1325 3404; x_wconf 90' lang='lat' dir='ltr'>pro·</span> 
     </span>
     <span class='ocr_line' id='line_1_30' title="bbox 248 3419 1324 3510; baseline 0.002 -28"><span class='ocrx_word' id='word_1_244' title='bbox 248 3420 454 3500; x_wconf 88' lang='lat' dir='ltr'>nuntiatura,</span> <span class='ocrx_word' id='word_1_245' title='bbox 475 3436 509 3483; x_wconf 89' lang='lat' dir='ltr'>et</span> <span class='ocrx_word' id='word_1_246' title='bbox 524 3441 594 3484; x_wconf 88' lang='lat' dir='ltr'>sese</span> <span class='ocrx_word' id='word_1_247' title='bbox 608 3421 677 3508; x_wconf 88' lang='lat' dir='ltr'>ipsa</span> <span class='ocrx_word' id='word_1_248' title='bbox 693 3421 858 3484; x_wconf 87' lang='lat' dir='ltr'>multoties</span> <span class='ocrx_word' id='word_1_249' title='bbox 874 3421 1092 3510; x_wconf 88' lang='lat' dir='ltr'>perturbatae</span> <span class='ocrx_word' id='word_1_250' title='bbox 1107 3443 1125 3484; x_wconf 89' lang='lat' dir='ltr'>a</span> <span class='ocrx_word' id='word_1_251' title='bbox 1142 3419 1324 3509; x_wconf 90' lang='lat' dir='ltr'>tranquilli·</span> 
     </span>
     <span class='ocr_line' id='line_1_31' title="bbox 248 3521 1324 3606; baseline 0.002 -18"><span class='ocrx_word' id='word_1_252' title='bbox 248 3539 313 3588; x_wconf 85' lang='lat' dir='ltr'>tate</span> <span class='ocrx_word' id='word_1_253' title='bbox 341 3521 477 3606; x_wconf 78' lang='lat' dir='ltr'>excidit3</span> <span class='ocrx_word' id='word_1_254' title='bbox 502 3541 536 3591; x_wconf 92' lang='lat' dir='ltr'>et</span> <span class='ocrx_word' id='word_1_255' title='bbox 558 3547 634 3590; x_wconf 90' lang='lat' dir='ltr'>cum</span> <span class='ocrx_word' id='word_1_256' title='bbox 655 3525 724 3590; x_wconf 91' lang='lat' dir='ltr'>aliis</span> <span class='ocrx_word' id='word_1_257' title='bbox 743 3525 917 3591; x_wconf 75' lang='lat' dir='ltr'>certandae</span> <span class='ocrx_word' id='word_1_258' title='bbox 941 3542 974 3591; x_wconf 90' lang='lat' dir='ltr'>et</span> <span class='ocrx_word' id='word_1_259' title='bbox 990 3525 1220 3592; x_wconf 88' lang='lat' dir='ltr'>contentiones</span> <span class='ocrx_word' id='word_1_260' title='bbox 1241 3526 1324 3604; x_wconf 92' lang='lat' dir='ltr'>init,</span> 
     </span>
    </p>
   </div>
   <div class='ocr_carea' id='block_1_3' title="bbox 282 3801 1156 4142">
    <p class='ocr_par' dir='ltr' id='par_1_6' title="bbox 283 3801 1156 3967">
     <span class='ocr_line' id='line_1_32' title="bbox 284 3801 1156 3879; baseline 0.003 -22"><span class='ocrx_word' id='word_1_261' title='bbox 284 3801 331 3875; x_wconf 71' lang='lat' dir='ltr'>(t)&#39;</span> <span class='ocrx_word' id='word_1_262' title='bbox 341 3807 453 3858; x_wconf 71' lang='lat' dir='ltr'>ttuvn</span> <span class='ocrx_word' id='word_1_263' title='bbox 466 3807 523 3856; x_wconf 81' lang='lat' dir='ltr'>adv.</span> <span class='ocrx_word' id='word_1_264' title='bbox 537 3808 656 3858; x_wconf 80' lang='lat' dir='ltr'>Mathcm.</span> <span class='ocrx_word' id='word_1_265' title='bbox 665 3807 704 3876; x_wconf 85' lang='lat' dir='ltr'>(r.</span> <span class='ocrx_word' id='word_1_266' title='bbox 713 3810 768 3860; x_wconf 82' lang='lat' dir='ltr'>adv.</span> <span class='ocrx_word' id='word_1_267' title='bbox 780 3808 871 3877; x_wconf 78' lang='lat' dir='ltr'>Log.),</span> <span class='ocrx_word' id='word_1_268' title='bbox 883 3823 942 3862; x_wconf 83' lang='lat' dir='ltr'>tect.</span> <span class='ocrx_word' id='word_1_269' title='bbox 957 3827 1015 3879; x_wconf 68' lang='grc' dir='ltr'>ιρι,</span> <span class='ocrx_word' id='word_1_270' title='bbox 1028 3827 1084 3878; x_wconf 79' lang='lat' dir='ltr'>pag.</span> <span class='ocrx_word' id='word_1_271' title='bbox 1096 3819 1156 3875; x_wconf 72' lang='lat'><strong>⁴⁰⁹·</strong></span> 
     </span>
     <span class='ocr_line' id='line_1_33' title="bbox 283 3895 909 3967; baseline 0.005 -20"><span class='ocrx_word' id='word_1_272' title='bbox 283 3895 324 3961; x_wconf 83' lang='lat' dir='ltr'>(a)</span> <span class='ocrx_word' id='word_1_273' title='bbox 337 3897 462 3948; x_wconf 82' lang='lat' dir='ltr'>Plutarch.</span> <span class='ocrx_word' id='word_1_274' title='bbox 475 3909 561 3947; x_wconf 83' lang='lat' dir='ltr'>contra</span> <span class='ocrx_word' id='word_1_275' title='bbox 575 3899 688 3949; x_wconf 80' lang='lat' dir='ltr'>Coloten</span> <span class='ocrx_word' id='word_1_276' title='bbox 698 3936 707 3964; x_wconf 91' lang='lat'>,</span> <span class='ocrx_word' id='word_1_277' title='bbox 717 3916 774 3967; x_wconf 74' lang='lat' dir='ltr'>pag.</span> <span class='ocrx_word' id='word_1_278' title='bbox 788 3915 872 3962; x_wconf 83' lang='lat' dir='ltr'>ttao,</span> <span class='ocrx_word' id='word_1_279' title='bbox 883 3901 909 3951; x_wconf 87' lang='lat' dir='ltr'>d.</span> 
     </span>
    </p>

    <p class='ocr_par' dir='ltr' id='par_1_7' title="bbox 282 3987 1007 4054">
     <span class='ocr_line' id='line_1_34' title="bbox 282 3987 1007 4054; baseline 0.004 -18"><span class='ocrx_word' id='word_1_280' title='bbox 282 3987 324 4052; x_wconf 78' lang='lat'>(3)</span> <span class='ocrx_word' id='word_1_281' title='bbox 341 3987 406 4036; x_wconf 75' lang='lat' dir='ltr'>etus</span> <span class='ocrx_word' id='word_1_282' title='bbox 418 3998 504 4036; x_wconf 83' lang='lat' dir='ltr'>contra</span> <span class='ocrx_word' id='word_1_283' title='bbox 517 3987 644 4050; x_wconf 79' lang='lat' dir='ltr'>Coloten,</span> <span class='ocrx_word' id='word_1_284' title='bbox 660 4005 717 4054; x_wconf 78' lang='lat' dir='ltr'>pag.</span> <span class='ocrx_word' id='word_1_285' title='bbox 729 4005 812 4051; x_wconf 83' lang='lat' dir='ltr'>mo,</span> <span class='ocrx_word' id='word_1_286' title='bbox 825 4007 839 4038; x_wconf 84' lang='lat' dir='ltr'>o</span> <span class='ocrx_word' id='word_1_287' title='bbox 850 4001 874 4039; x_wconf 90' lang='lat' dir='ltr'>et</span> <span class='ocrx_word' id='word_1_288' title='bbox 883 3991 900 4039; x_wconf 86' lang='lat' dir='ltr'>f.</span> <span class='ocrx_word' id='word_1_289' title='bbox 1005 4005 1007 4012; x_wconf 65' lang='lat'><strong><em>⁴</em></strong></span> 
     </span>
    </p>

    <p class='ocr_par' dir='ltr' id='par_1_8' title="bbox 289 4071 672 4142">
     <span class='ocr_line' id='line_1_35' title="bbox 289 4071 672 4142; baseline 0.008 -21"><span class='ocrx_word' id='word_1_290' title='bbox 289 4071 328 4138; x_wconf 75' lang='grc'>(4)</span> <span class='ocrx_word' id='word_1_291' title='bbox 347 4073 394 4122; x_wconf 80' lang='lat' dir='ltr'>Vel</span> <span class='ocrx_word' id='word_1_292' title='bbox 407 4071 672 4142; x_wconf 59' lang='lat' dir='ltr'>ffcicnhlssaunr.</span> 
     </span>
    </p>
   </div>
   <div class='ocr_carea' id='block_1_4' title="bbox 0 0 1394 4682">
    <p class='ocr_par' dir='ltr' id='par_1_9' title="bbox 0 0 1394 4682">
     <span class='ocr_line' id='line_1_36' title="bbox 0 0 1394 4682; baseline 0 0"><span class='ocrx_word' id='word_1_293' title='bbox 0 0 1394 4682; x_wconf 95' lang='lat' dir='ltr'> </span> 
     </span>
    </p>
   </div>
  </div>
 </body>
</html>
