2744 4684
147 341 148 346 κ
231 311 300 406 432
568 311 617 378 M.
643 307 681 377 Τ.
709 307 953 378 crcnnoms

168 471 216 530 ιιι
248 489 251 496 ’
279 437 399 508 XLIV.
426 433 519 531 Age,
545 429 621 502 haec
641 427 843 529 probabilia
862 452 947 500 sane
966 427 1055 515 sint,
1076 451 1167 498 num
1190 426 1304 498 etiam

230 546 311 618 illa?
329 567 528 642 numquam
548 546 695 629 timere,
716 537 1073 638 numquam'dolere.
1098 537 1304 634 sapiensne

229 681 305 728 non
335 655 485 726 timeat?
510 652 659 739 nec,vsi
686 653 801 749 patria
825 647 1006 733 deleatur,
1029 671 1104 717 non
1128 644 1304 716 doleam?
1356 649 1357 674 ³

229 766 319 838 Satis
338 763 470 834 durum
481 773 507 850 ²,
534 760 597 832 sed
620 760 758 832 Zenoni
776 759 1036 842 necessarium
1059 757 1140 838 cui,
1169 769 1303 854 praeter

229 875 445 960 honestum,
469 869 560 942 nihil
585 883 639 942 est
664 870 701 940 in
728 867 860 939 bonis:
880 865 947 937 tibi
973 855 1078 952 vero,
1100 864 1301 950 Antioche,
1356 891 1357 960 }

228 987 398 1072 minime,
415 984 474 1054 cui
482 995 638 1080 prmter
651 979 897 1062 honestatem
911 976 1022 1048 multa
1035 974 1151 1048 bona·
1142 989 1301 1098 ,praeter
1356 1027 1357 1034 .

229 1039 513 1219 turpitudinem,
527 1090 641 1162 multa
652 1088 746 1164 mala
760 1087 941 1172 videntur,
969 1109 1048 1184 quae
1062 1101 1100 1156 et
1113 1086 1300 1156 vententla
1356 1115 1357 1132 2

229 1217 366 1276 metuat
391 1204 535 1301 sapiens
559 1225 705 1273 necesse
729 1214 803 1286 est,
829 1211 865 1270 et
885 1200 1025 1268 venisse
1046 1191 1205 1270 doleat³.
1229 1195 1299 1266 Sed
1356 1217 1357 1220 ’

229 1339 373 1412 quaero,
396 1309 578 1410 quando
569 1325 638 1384 rsta
665 1307 800 1381 fuerint
820 1306 866 1380 ab
884 1305 1065 1380 academia
1086 1319 1211 1376 vetere
1234 1303 1299 1376 de·
1356 1317 1357 1322 ’

229 1437 343 1512 creta,
362 1437 405 1492 ut
423 1425 583 1492 animum
605 1421 776 1520 sapientis
796 1418 1016 1490 commoveri
1033 1430 1070 1487 et
1084 1413 1299 1488 conturbari
1356 1439 1357 1442 ’

229 1533 449 1633 negarentl?
466 1529 730 1602 Mediocritates
751 1527 800 1600 illi
819 1525 1024 1628 probabant
1034 1521 1061 1614 ⁵,
1082 1538 1119 1596 et
1138 1527 1178 1594 in
1197 1527 1298 1596 omni

228 1740 612 1806 continentur,«neeoupiditate
621 1739 738 1796 moveri»,
785 1745 914 1810 parientia,
929 1741 1059 1807 Quidquid
1071 1741 1298 1805 corrigeremu-
1356 1793 1357 1798 ,

228 1833 266 1880 ct,
276 1843 289 1864 κ
298 1837 343 1868 neo
352 1821 435 1870 letitia
443 1820 523 1868 efferri
534 1841 557 1869 .,
571 1821 603 1868 G.

783 1825 848 1874 laen.
860 1826 950 1884 At,ut
958 1835 1066 1881 taceam,
1083 1820 1157 1885 plane
1169 1837 1222 1869 uon
1234 1837 1298 1870 uom-
1356 1813 1357 1816 ¹

264 1897 739 1963 mv.r.Nec,siparrmdeteam1,
781 1917 881 1966 parere,
897 1918 942 1950 eur
954 1903 1007 1950 hare
1025 1899 1203 1949 voxaeerihia
1215 1899 1296 1948 addita
1356 1903 1357 1960 Τ

229 1995 278 2026 non
288 1978 369 2027 doleat
376 1983 390 2026 Ρ
396 1977 460 2027 Satis
466 1979 564 2027 durum.
571 1979 676 2026 Guereuu
685 1974 737 2023 dat:

231 2079 242 2100 ι
251 2073 295 2104 nee
305 2089 314 2116 ,
328 2057 349 2104 ai
363 2040 441 2121 iratria
449 2051 574 2107 deleatur?
584 2071 635 2104 non
643 2054 740 2104 doleat?

230 2151 289 2196 nec,
301 2136 322 2182 ai
335 2133 413 2182 deleta
427 2129 497 2183 ait?-
511 2136 560 2193 Ita,
580 2134 660 2198 inquit
679 2134 739 2182 fioe-

232 2230 302 2271 rena,
314 2213 330 2261 5
342 2212 428 2277 aoripti
439 2211 507 2276 apud
518 2213 602 2262 Duria.
616 2223 642 2260 et
655 2213 669 2261 3
683 2211 739 2262 mei.

147 2307 149 2314 ·
231 2293 318 2354 Neque
329 2291 395 2338 ullua
409 2290 512 2350 dubito,
534 2291 594 2355 quin
612 2291 665 2340 haec
682 2305 739 2340 vera

232 2370 357 2420 Ciceronis
379 2385 463 2418 manua
485 2371 525 2417 ait.
545 2371 597 2418 Nee
609 2379 645 2418 eat
665 2369 739 2418 etiam

232 2465 282 2497 rrorr
289 2483 298 2507 ,
312 2459 338 2496 et
350 2457 465 2512 aequente
479 2447 501 2496 εἰ
512 2446 617 2511 elliptice
628 2448 739 2512 ponitur,

232 2529 323 2577 «etiam
339 2537 390 2576 tum
410 2541 459 2574 non
481 2526 580 2586 timum
598 2527 740 2574 etiamtum

232 2623 283 2656 uon
297 2606 405 2656 doleam.
425 2605 543 2654 Deleatrr
555 2605 659 2668 denique
674 2604 739 2654 idem

233 2695 269 2734 eat
287 2685 368 2749 quod,
389 2684 433 2732 ain
447 2700 477 2732 eo
492 2694 544 2742 ert,
557 2694 585 2732 ιιι
603 2683 740 2733 deleatur».

232 2768 360 2814 leuantem
379 2764 428 2813 hoo
448 2765 549 2814 verbum
567 2765 693 2829 peritum,
712 2775 740 2812 ut

233 2845 347 2910 presenti
359 2847 445 2910 patrie
456 2845 598 2895 intereundo
605 2844 740 2910 periculum

233 2926 430 2989 exprimamu—
440 2925 506 2984 Nee,
520 2923 543 2972 ri
557 2924 642 2986 puur'a
657 2924 741 2977 dalea·

232 3015 283 3063 mr,
301 3019 351 3051 uer
362 3004 454 3052 doleat.
466 3004 685 3054 Grammaticorum
701 3004 741 3051 de-

233 3093 325 3130 cretum
338 3094 388 3141 eat,
401 3083 461 3132 duaa
474 3084 613 3146 negationea
622 3081 741 3130 affirmare

233 3165 259 3210 iu
279 3163 361 3228 lingua
372 3165 457 3214 latina.
473 3165 528 3212 lloe
550 3179 645 3226 semper
656 3177 741 3211 verum

233 3255 285 3290 non
295 3257 346 3291 eaae
356 3243 440 3292 docuit
451 3242 524 3292 etiam
538 3243 634 3290 Noniua
643 3257 674 3288 ex
682 3243 741 3304 Var-

234 3333 308 3378 rone3
325 3332 350 3370 et
363 3320 467 3369 Budaeua
482 3321 599 3370 nnumin
611 3320 661 3368 urie
671 3335 739 3367 eom·

234 3398 357 3446 manuriia
373 3399 462 3462 lingute
484 3413 567 3463 gratem
589 3397 706 3462 exemplir
726 3413 740 3446 e

229 3475 351 3524 Cicerone
366 3476 490 3540 pluribus,
504 3478 594 3541 quibua
610 3477 669 3524 addi
681 3492 740 3540 poe·

235 3564 293 3601 runt
302 3551 395 3602 infinita
403 3556 449 3602 alia
460 3569 467 3602 ι
477 3572 551 3619 quare
564 3555 625 3606 nihil
636 3555 679 3605 hio
686 3571 740 3605 mu·

234 3646 271 3684 to.
286 3635 314 3683 P.
327 3635 418 3682 Fun.

271 3729 297 3764 a.
312 3712 376 3762 Satis
396 3713 491 3764 durum.
510 3716 578 3764 Gorr.
597 3725 681 3764 uotam
699 3731 743 3764 ex·

234 3792 385 3842 clamationia
406 3796 488 3856 ponit.
504 3795 589 3845 Duria.
600 3796 694 3858 inquit,
710 3811 741 3843 ex

234 3871 313 3920 tribua
329 3872 394 3937 ejm,
413 3871 515 3922 totidem
536 3873 624 3922 noetria
637 3889 741 3922 conuen-

234 3950 364 4010 tieutibua,
379 3949 438 3999 sutis
464 3950 564 4008 delevit,
582 3952 741 4001 Horatianutu

234 4027 295 4076 illud
307 4031 409 4078 alsereue
424 4030 550 4077 «Duruml
565 4028 697 4094 aedleriur
714 4027 743 4078 lit

772 1991 897 2046 ‚putetur3
914 1977 991 2028 multu
1015 1977 1110 2026 laeiliue
1130 1977 1296 2042 intelligitur,
1356 1973 1357 2002 ³

783 2059 849 2108 unde
868 2059 899 2106 ab
917 2059 955 2106 hia
979 2056 1066 2105 omiaaa
1084 2057 1244 2120 ait:quippe
1256 2057 1296 2121 qui
1356 2095 1357 2120 ,

783 2139 833 2187 rim
847 2140 898 2200 ejm
910 2139 1055 2187 intensivum
1066 2137 1225 2200 ignorarent,
1238 2137 1258 2186 ri
1270 2139 1295 2184 in
1356 2147 1357 2200 ᾗ

783 2221 837 2266 euni
852 2217 960 2282 primarii
973 2216 1030 2264 loeo
1046 2215 1156 2280 ponitur,
1176 2223 1207 2264 ut
1216 2217 1296 2264 alletia

784 2299 870 2366 graeei
892 2296 955 2345 uaris
972 2293 1100 2355 audacter,
1120 2293 1205 2343 helle!
1227 2305 1295 2344 ete.»
1356 2277 1357 2326 3

783 2376 923 2426 Horatiana
934 2384 1015 2422 autem
1034 2373 1137 2422 ratiouia
1156 2373 1295 2438 exaiulum

783 2454 849 2520 apud
860 2465 984 2503 auctorem
994 2455 1097 2517 ignom
1114 2453 1159 2517 qui
1173 2463 1242 2501 uerte
1252 2451 1295 2500 ad·
1356 2459 1357 2478 ι

783 2531 1111 2597 ωιοτιιίοιιίιῬιιιὶσιιΙιω,
1132 2549 1159 2580 r.
1171 2547 1196 2581 e.
1216 2547 1292 2588 saue.

783 2613 924 2662 addidisset.
950 2613 1062 2660 Ceterum
1085 2611 1179 2658 acrihaa
1207 2611 1235 2658 in
1260 2609 1295 2657 hia
1356 2611 1357 2660 l

784 2691 881 2740 duubue
890 2691 971 2740 verbio
980 2689 1174 2751 offendime,vel
1181 2689 1242 2740 iude
1250 2689 1296 2736 ela·

783 2787 836 2818 rum
858 2779 913 2829 eat,
938 2768 1007 2833 quod
1023 2783 1037 2816 a
1052 2767 1182 2816 nonnullia
1201 2768 1295 2833 amiptir

783 2859 913 2913 utrumque
935 2848 1012 2897 abest.

819 2930 845 2994 3τ
856 2930 951 2992 Quoeet
962 2924 1091 2975 evenientia
1100 2925 1294 2990 mutupim

785 3023 881 3056 neeesse
895 3018 944 3068 ert,
957 3018 981 3054 et
998 3005 1095 3054 ueuhse
1107 3005 1203 3054 doleat.
1220 3006 1260 3054 Na
1272 3006 1294 3052 in
1356 3007 1357 3066 ζ

784 3087 865 3142 verbio
884 3101 980 3134 noemae
991 3096 1028 3132 eat
1039 3082 1189 3147 olieudaria,
1208 3095 1294 3134 noun·
1356 3091 1357 3124 ι

785 3165 843 3214 dum
855 3177 905 3226 eat,
923 3164 976 3214 hmo
993 3174 1167 3212 auctoremex
1179 3163 1295 3212 Autioelri
1356 3155 1357 3208 l

784 3243 1037 3294 marcomirem.
1060 3241 1149 3291 Noluit
1172 3243 1295 3292 eaaimaar·
1356 3273 1357 3316 ἢ

784 3320 857 3385 bigne
868 3321 975 3370 seribere
988 3336 997 3381 ;
1007 3319 1075 3382 quod
1094 3321 1207 3380 lederet,
1221 3321 1243 3370 ai
1253 3337 1294 3370 rre-

784 3399 1294 3464 eeseesirpomiuea,utpropriadehahau
1356 3433 1357 3462 ,

784 3479 881 3544 eeriprit
893 3478 1028 3526 indicativo
1034 3480 1107 3526 etiam
1113 3482 1294 3528 aarererantim
1356 3517 1357 3528 .

785 3556 1053 3622 Cogitablaautemad,
1059 3559 1201 3608 evenientia
1210 3568 1296 3608 metum
1356 3553 1357 3610 ]

784 3653 993 3702 aapreua,a1m
1005 3636 1075 3686 mulir
1087 3640 1293 3703 eaverepouitu

784 3717 816 3764 ita
831 3716 935 3764 coibunt
943 3715 1014 3764 facile
1026 3717 1118 3764 omum.
1133 3717 1167 3765 G.

820 3802 845 3850 4.
859 3795 993 3859 Negarem.
1004 3793 1079 3842 Refer
1091 3794 1125 3841 ad
1137 3795 1294 3843 Academiam

784 3883 845 3922 vett.
858 3873 902 3938 qui
916 3874 943 3920 iu
956 3871 1094 3921 Academia
1105 3885 1191 3922 rutero
1203 3873 1293 3924 latent:

785 3953 820 4000 aie
833 3967 897 4016 ηερε
911 3960 998 4000 auctor
1011 3953 1043 4001 G.

824 4031 847 4079 5.
863 4028 1044 4079 Mediocritates
1052 4029 1090 4080 illi
1096 4030 1247 4093 probam„
1256 4031 1292 4084 ος,
1356 4015 1357 4060 l
