2786 4674
250 306 322 390 δαί.
586 297 634 372 u.
658 305 697 372 r.
721 304 964 374 mcueonrs

253 437 386 504 suscepta
396 423 427 482 in
437 423 652 484 similitudinem
663 445 744 484 suam
754 445 813 484 uon
821 439 917 504 potest
927 424 1153 486 comminuendo
1163 425 1319 505 redigere:
1381 421 1382 486 ξ

253 539 305 579 sua
319 539 388 578 uero
407 517 536 576 membra
551 517 589 577 ab
605 517 832 596 ingredientibus
846 519 929 578 facile
946 517 1142 597 dissipantur:
1167 519 1234 577 hinc
1249 522 1321 597 jam

253 613 345 670 mirrui
356 631 388 670 ac
400 609 522 670 deficere
533 630 618 670 omne
632 611 733 690 incipit
744 611 862 682 anitnal,
870 629 959 688 quum
970 622 1140 688 superatur:
1155 609 1321 668 detrimen-

254 720 371 782 tumque
382 701 459 762 istud
474 715 604 762 senectus
617 703 794 782 appellatur:
807 703 871 760 finis
884 721 954 760 vero
968 715 1037 760 tuuc
1049 699 1186 772 obvenit,
1195 700 1319 779 quaudo

253 795 459 874 triangulorum
471 795 601 866 illorum,
613 813 649 853 ex
662 791 767 872 quibus
778 793 904 852 medulla
917 791 1077 862 conficitur,
1097 790 1168 848 olim
1179 803 1319 868 coaptata

253 889 368 948 vincula
387 887 459 946 nihil
484 886 607 966 amplius
628 899 764 958 nectunt,
791 885 841 944 sed
867 883 1073 962 defatigatione
1099 882 1160 960 jam
1185 883 1320 940 relaxata

252 999 344 1040 nexus
359 979 461 1037 animae
473 976 629 1036 deserunt:
653 979 829 1036 animarem
842 978 915 1035 clam
931 975 1089 1036 secuudum
1102 989 1231 1034 naturam
1243 994 1318 1032 cum

252 1075 401 1151 voluptate
412 1071 545 1150 protinus
559 1070 654 1130 evolat
669 1093 675 1126 :
690 1069 831 1150 quidquid
848 1071 925 1129 enim
936 1083 1038 1128 contra
1050 1083 1184 1128 naturam
1195 1069 1237 1144 fit,
1254 1087 1320 1128 mo·

251 1165 355 1224 festum
376 1175 433 1221 est:
448 1159 528 1240 quod
546 1175 642 1221 antem
663 1181 718 1240 pro
741 1163 784 1220 rei
807 1176 924 1235 natura,
938 1162 1120 1242 jucundum:
1134 1161 1267 1220 similiter
1286 1174 1320 1219 et

253 1277 331 1316 mors
346 1275 433 1334 qnam
450 1253 547 1313 morbi
566 1269 596 1314 et
616 1255 738 1312 vulnera
756 1255 932 1326 intulerunt,
951 1255 1077 1314 violenta
1092 1265 1137 1312 est
1149 1265 1234 1330 atque
1247 1273 1320 1311 mo-

251 1351 342 1410 lesta:
365 1367 430 1428 quea
447 1366 515 1406 vero
533 1349 613 1406 senio
634 1347 784 1426 paullatim
802 1345 838 1406 ad
859 1347 945 1406 finem
964 1345 1126 1405 deducente
1143 1345 1320 1404 neutraliter

251 1439 398 1520 subrepit,
411 1439 487 1498 iuter
502 1440 599 1498 omnia
615 1441 716 1498 mortis
737 1457 843 1518 genera
860 1438 1003 1498 levissima
1023 1451 1083 1512 est,
1096 1451 1127 1496 et
1146 1457 1212 1496 cnm
1232 1439 1320 1496 volte

253 1545 331 1612 ptate
343 1533 440 1611 potins
456 1551 543 1610 quiam
559 1533 660 1591 dolore
672 1531 820 1611 contingit.

292 1623 391 1684 Morbi
407 1636 502 1682 antem
514 1623 589 1683 unde
600 1637 764 1696 nascamur,
779 1623 844 1702 quis
854 1623 989 1684 dubitet?
1003 1643 1070 1684 uem
1083 1643 1174 1701 quum
1187 1633 1319 1701 quatuor

252 1717 301 1776 illa
315 1717 387 1789 siut,
402 1737 438 1775 ex
451 1716 558 1794 quibus
571 1729 752 1796 compactum
766 1729 809 1774 est
824 1735 944 1795 corpus,
958 1727 1049 1788 terra,
1058 1715 1145 1793 iguis,
1157 1733 1242 1792 aqna,
1253 1734 1319 1784 aer,

251 1809 357 1868 horum
371 1829 430 1868 uon
449 1809 588 1868 naturalis
606 1825 739 1868 excessus
753 1807 956 1886 delectusque,
971 1820 1000 1866 et
1018 1827 1054 1866 ex
1067 1808 1133 1865 loco
1148 1805 1273 1885 proprio
1288 1807 1319 1862 iu

253 1903 378 1962 alienum
397 1903 562 1974 translatio,
581 1921 639 1980 per
649 1919 755 1978 quem,
775 1900 854 1979 quod
865 1899 921 1960 sibi
935 1901 1109 1960 couveniens
1120 1913 1180 1968 est,
1194 1916 1256 1956 uon
1273 1911 1319 1956 te-

252 2008 337 2068 nent,
348 1995 511 2054 intestinam
524 1992 679 2073 qnamdam
690 1993 860 2053 seditionem
872 2006 901 2052 et
912 1992 1030 2052 morbos
1038 1991 1166 2051 inferunt
1177 2014 1183 2048 :
1195 1991 1320 2069 qrteudo

253 2087 329 2145 enim
341 2100 447 2165 praeter
461 2099 592 2145 naturam
605 2085 833 2164 unumquodque
844 2087 890 2158 lit,
901 2098 953 2144 aut
967 2085 1151 2158 transfertur,
1165 2085 1320 2142 calescunt

252 2177 370 2254 ntique,
394 2197 457 2254 que
472 2189 539 2236 ante
552 2175 710 2256 frigebant,
726 2177 808 2236 arida
826 2176 956 2247 madent,
980 2189 1151 2256 gravescunt
1170 2176 1266 2248 levia,
1291 2188 1318 2235 et

251 2281 347 2325 cetere
358 2270 456 2326 omnia
467 2270 597 2328 similiter
608 2283 826 2348 permutantur:
838 2269 1022 2330 solummodo
1033 2289 1104 2328 vero
1116 2269 1191 2328 idem
1203 2267 1318 2346 aliquid

251 2359 367 2417 sibimet
379 2359 536 2419 secundum
551 2359 627 2419 idem
641 2375 728 2440 atque
742 2362 874 2421 similiter
892 2375 921 2420 et
935 2361 1032 2422 debita
1051 2361 1240 2439 proportione
1254 2379 1318 2418 ser-

250 2463 318 2509 vata
330 2451 469 2510 accedeus
480 2453 524 2510 vel
537 2452 692 2525 decedens„
704 2454 850 2533 permittet
859 2468 890 2512 se
899 2453 976 2512 idem
987 2451 1042 2511 sibi
1058 2453 1113 2531 ipsi
1126 2470 1225 2529 sospes
1239 2451 1318 2509 inte-

251 2561 393 2622 grumque
407 2563 539 2603 manere:
550 2544 630 2623 quod
645 2557 740 2604 autem
752 2545 884 2617 aberret,
900 2545 960 2604 sive
972 2543 1150 2616 accedendo,
1162 2563 1215 2602 scu
1226 2543 1319 2602 deee-

250 2635 362 2709 dendo,
375 2637 547 2696 mutationes
561 2637 665 2709 verim,
679 2636 813 2710 morbos,
832 2638 1034 2716 corruptiones
1045 2636 1170 2696 infinitas
1181 2635 1317 2695 inducit:

250 2749 287 2788 ex
298 2728 432 2788 mcundis
443 2747 560 2807 quoqne
570 2729 829 2808 compositionibus
839 2729 996 2790 secundum
1007 2743 1138 2789 naturam
1150 2729 1318 2788 constitutis

250 2819 376 2880 secunda
392 2820 477 2880 bouae
489 2822 532 2879 vel
548 2823 629 2880 melre
641 2823 808 2882 valitudinis
820 2823 984 2900 conjectura
1005 2823 1035 2882 id
1051 2825 1190 2901 querenti
1202 2823 1314 2901 rurique

204 2935 207 2940 ·
251 2913 388 2972 debitur:
410 2931 498 2990 quum
513 2915 590 2972 enim
601 2913 726 2974 medulla
735 2935 771 2974 ex
780 2915 836 2974 illis
849 2927 878 2990 pt
890 2936 938 2989 os,
951 2927 981 2974 et
990 2935 1073 2988 caro,
1094 2927 1124 2972 et
1138 2913 1220 2972 nervi
1234 2933 1315 2972 cou-

249 3006 389 3076 stiterint,
405 3005 520 3082 sanguis
534 3019 673 3084 praeterea
684 3027 721 3065 ex
732 3007 846 3078 iisdem,
862 3008 992 3085 quamvis
1007 3007 1065 3066 alio
1077 3007 1173 3077 modo,
1187 3024 1316 3063 eonem-

250 3098 344 3156 vrrit:
365 3097 454 3155 ceteri
469 3097 587 3174 quidem
602 3111 722 3158 euentus
738 3100 869 3176 plurimi,
889 3096 1130 3179 quemadmodum
1141 3096 1314 3176 superiora,

250 3191 435 3268 confingunt,
446 3189 562 3248 maximi
572 3209 642 3249 vero
653 3191 746 3249 morbi
757 3205 844 3268 atque
855 3193 1013 3270 gravissimi
1024 3192 1080 3250 hoc
1092 3203 1177 3271 pacto
1187 3205 1314 3250 nascun-

250 3293 316 3338 tur:
339 3281 457 3361 qnando
475 3281 609 3340 videlicet
629 3281 732 3341 ordine
752 3302 892 3342 converso
910 3285 964 3344 iste
979 3303 1016 3342 cx
1031 3303 1062 3341 sc
1080 3283 1203 3340 invicem
1220 3282 1313 3350 liunt,

249 3375 352 3450 procul
366 3372 456 3433 dubio
471 3387 698 3452 corrumpuntur
710 3395 832 3454 :nempe
846 3376 1003 3435 seecundum
1019 3387 1152 3432 naturam
1163 3391 1266 3432 earnm
1281 3385 1315 3430 et

248 3465 332 3524 nervi
343 3484 381 3524 cx
391 3467 529 3546 sanguine
543 3481 730 3546 generantum
751 3470 833 3528 nervi
843 3469 961 3546 quidem
976 3489 993 3527 a
1011 3468 1088 3526 villis
1102 3479 1132 3524 et
1146 3467 1313 3545 ligamentis

247 3569 369 3636 propter
384 3559 599 3636 cognationem,
619 3579 718 3618 carnes
731 3573 827 3619 antem
849 3581 866 3619 a
879 3560 1079 3638 coagulatione
1090 3559 1217 3638 quadam
1228 3557 1311 3634 ejus,

247 3647 327 3726 qnod
342 3661 480 3708 secretum
495 3651 597 3709 avillis
608 3663 637 3709 et
654 3651 813 3729 ligamentis
824 3654 988 3712 concrevit:
1003 3651 1082 3731 qnod
1096 3671 1312 3712 criminarer-

247 3742 291 3799 vis
302 3754 331 3800 et
349 3740 484 3800 carnibus
503 3755 616 3802 emanat
635 3744 811 3822 glutinosum
822 3757 853 3802 et
864 3745 985 3824 pingue,
1008 3742 1226 3822 simnl‘quidem
1237 3762 1310 3801 car·

245 3852 310 3890 nem
337 3845 368 3890 nt
393 3832 549 3910 plurimum
570 3836 606 3893 ad
621 3837 727 3895 ossium
742 3852 890 3911 naturam,
913 3857 946 3896 ec
967 3837 1050 3895 etiam
1070 3855 1103 3894 os
1124 3836 1221 3915 ipsum
1244 3855 1311 3894 ure·

241 3923 352 3983 dnllam
364 3924 560 3994 circumdans,
580 3929 735 3990 nutriendo
748 3945 889 4009 exauget:
915 3929 994 4008 qtrod
1011 3947 1108 3988 rursus
1126 3949 1183 4008 per
1198 3928 1310 3986 ossium

241 4016 457 4076 crassitudinem
478 4019 565 4078 stillat
580 4019 762 4096 purissimum
783 4043 872 4103 genus
888 4023 1095 4101 triangulorum
1110 4021 1309 4082 laetissimum-
