2762 4682
294 443 331 510 r.
358 438 597 512 vsmnnn
620 439 901 513 scmnnrcs.
1050 461 1130 536 ,107

76 583 242 643 nouenos,
255 584 316 652 pro
324 563 480 652 temporis
491 563 638 652 angrutia
646 561 887 649 ,librorumque
898 583 967 625 non
977 579 1132 650 quantam

76 685 251 758 optaremus
261 668 370 757 eopia,
388 686 536 758 prestare
550 657 744 758 potuimus:
758 667 852 758 plura
863 666 994 756 quidem
1009 667 1134 752 daturi,

74 775 97 838 si
115 773 200 839 Sexti
230 774 421 840 auctoritate
454 775 502 838 uti
533 776 726 864 plerumque
750 795 818 838 non
843 788 1134 860 temperassemus3

73 881 154 971 quod
171 883 308 947 minime
318 881 439 948 factum
453 883 651 972 oportuisset
663 883 709 970 (is
723 882 811 947 enim
824 883 947 946 multus
963 881 1137 946 maximus-

72 1011 129 1076 que
152 989 188 1052 in
210 989 273 1053 hee
293 989 471 1076 quaestione
488 989 560 1077 est)
576 990 603 1054 si
618 1011 759 1080 grreoum
777 988 863 1054 Sexti
879 986 1018 1070 librum,
1034 1011 1133 1076 quem

71 1092 214 1159 nondum
239 1093 365 1158 editum
389 1095 527 1178 scimus,
552 1095 638 1159 nacti
665 1117 819 1176 essemus,
844 1093 1033 1158 Latinorum
1055 1113 1134 1157 vero

71 1199 280 1290 interpretum
300 1199 375 1265 fidei
398 1223 465 1265 non
490 1201 631 1267 multum
654 1199 853 1280 fidebsmus,
876 1199 914 1263 iis
938 1197 1077 1263 maxime
1098 1197 1134 1262 iu

71 1305 152 1370 libris
169 1307 228 1396 qui
246 1305 400 1372 adversus
418 1307 668 1396 Disciplinarum
685 1307 883 1396 professores
902 1321 1006 1370 sunt:
1028 1326 1133 1392 quum

9 1419 10 1424 ’
70 1413 226 1502 pmcipue
242 1413 376 1477 historio
401 1405 636 1504 hoec'magnem
651 1412 827 1477 verborum
846 1433 1045 1502 grecorum.
1062 1409 1136 1498 qui·

71 1514 126 1582 hus
144 1541 286 1607 qumque
308 1519 425 1609 scripte
446 1534 546 1602 sunt,
563 1520 723 1584 rationem
746 1535 830 1583 esset
851 1518 1011 1584 habitura.
1026 1515 1134 1581 Pluri-

72 1644 154 1688 mum
172 1624 312 1689 enimin
331 1623 521 1706 hujusmodi
536 1625 600 1690 hoc
616 1625 731 1706 refert,
748 1647 851 1715 quum
868 1646 1005 1714 queque
1027 1621 1136 1712 philo·

72 1730 246 1818 sophorum
272 1745 358 1796 secta
382 1731 523 1821 propriis
543 1755 562 1798 a
580 1754 615 1796 se
637 1730 784 1797 confictis
799 1731 905 1796 verbis
921 1745 1043 1794 utetur.
1064 1729 1135 1816 Ego

72 1836 194 1924 quidem
219 1837 420 1928 diligentiam
447 1861 551 1904 meum
576 1837 749 1904 desiderari
777 1837 908 1902 nolim:
936 1856 1134 1926 quamquem
1166 1829 1169 1836 ’

72 1939 192 2008 illorum
210 1943 499 2033 reprehensionem
515 1945 635 2025 feram,
654 1945 712 2034 qui
727 1944 869 2009 multum
883 1965 936 2028 me
947 1963 1052 2032 operae
1066 1956 1135 2004 stu·

9 2039 10 2042 ¹
72 2043 172 2135 diique
187 2048 226 2112 in
242 2049 350 2137 exigui
367 2050 527 2114 momenti
543 2049 641 2114 rebus
661 2049 808 2138 posuisse
824 2047 943 2112 dicent
964 2047 1036 2110 Sint
1058 2067 1136 2109 sene

73 2151 126 2216 illis
140 2153 210 2218 hsec
229 2153 321 2218 nullo
333 2155 368 2220 in
384 2156 511 2244 pretio:
528 2156 665 2236 scimus,
677 2177 775 2242 quam
790 2176 858 2218 uon
877 2153 988 2218 multis
1002 2174 1135 2242 operam

74 2279 221 2324 navemus
235 2282 273 2324 ac
288 2259 486 2349 probemus,
515 2261 554 2325 iis
572 2261 725 2326 volumus
743 2261 853 2350 potius
867 2259 1011 2349 placere,
1034 2279 1133 2346 quam

73 2363 223 2450 plun'mis.
242 2367 382 2450 Verum,
400 2367 487 2432 itane
509 2368 597 2456 parvi
616 2385 681 2451 est,
700 2367 838 2432 etiamsi
857 2365 992 2454 questio
1017 2385 1134 2451 resque

73 2469 133 2558 ipss
145 2470 377 2561 vilipendenda
385 2473 549 2553 judicetur
558 2523 568 2558 ,
577 2475 788 2564 antiquorum
795 2496 832 2538 ec
848 2472 1111 2564 giuvissinrorum
1124 2518 1133 2552 ,

73 2579 252 2663 Ciceronis,
271 2579 457 2663 Plutarchi,
482 2581 618 2664 Geloni,
637 2583 677 2648 D.
707 2581 898 2671 Augustini,
928 2579 1134 2665 aliorumque

73 2687 304 2775 complurium,
319 2687 419 2752 libros
435 2710 537 2777 quum
549 2687 652 2778 leges,
664 2687 863 2778 intelligere?
877 2687 922 2752 At
933 2685 1032 2750 multa
1045 2680 1134 2772 apud

9 2859 10 2886 3
72 2789 153 2873 ilios,
170 2792 234 2856 nisi
251 2793 320 2856 haeo
332 2791 373 2857 de
387 2815 454 2858 non
471 2792 680 2882 percipiendo
696 2793 873 2883 percipies,
893 2791 1088 2882 impercepta
1102 2803 1136 2852 te

10 2941 11 2962 r
73 2895 191 2986 firgisnt
207 2918 340 2962 necesse
360 2913 430 2981 est;
457 2921 530 2986 quse
552 2899 579 2962 si
596 2897 677 2964 scire
699 2920 765 2962 non
792 2920 970 2988 magnum,
994 2910 1135 2960 atcerte

9 3050 10 3060 ,
73 3023 132 3066 non
151 3003 329 3093 ingratum.
349 3003 461 3087 Quum
477 3005 639 3094 proecipue
657 3027 735 3082 nos,
754 3005 834 3069 dum
857 3004 908 3068 bis
926 3023 1133 3083 vacaremus,

73 3109 145 3173 nulli
169 3126 230 3176 aut
248 3111 383 3198 publico
408 3127 466 3176 aut
487 3112 613 3200 privato
638 3111 770 3201 negotio
797 3110 1015 3191 defuerimus,
1047 3107 1135 3196 iique

72 3214 179 3298 simus,
198 3217 281 3305 qui,
309 3240 376 3307 prae
391 3217 512 3308 ingenii
528 3218 630 3284 nostri
646 3219 821 3301 tenuitate,
837 3216 929 3297 cujus
943 3211 1064 3280 conscii
1078 3235 1135 3276 su-

72 3343 153 3406 mus,
164 3325 217 3390 vel
234 3324 378 3390 minimis
394 3324 445 3389 his
462 3324 563 3413 inepti
580 3324 676 3390 nobis
698 3324 885 3408 videamur,
901 3339 1030 3388 tantum
1045 3319 1137 3385 abest

71 3444 102 3498 ut
114 3434 236 3513 majora
252 3428 371 3496 docere
389 3430 468 3496 alios
484 3429 723 3520 aggrediamur!
