2748 4670
206 344 274 459 «392
543 365 592 432 u.
617 365 656 431 r.
683 361 927 432 crcuaoms

205 489 329 558 necin
347 484 402 556 bis
420 481 619 580 quidquam
635 485 797 570 intersit,
822 507 898 552 non
926 503 1031 578 posse
1053 505 1179 552 eorum
1202 479 1275 554 alia

204 595 359 695 percipi,
381 593 448 664 alia
468 617 542 664 non
561 596 719 691 percipi;
739 593 830 663 nihil
845 593 1019 664 interesse
1035 606 1175 680 autem,
1191 617 1275 664 non

118 709 121 716 “
205 705 316 777 modo
329 708 359 776 si
373 727 417 774 ex
431 704 532 775 omni
546 702 671 799 partel
686 703 845 799 ejusdem
861 701 960 772 modi
974 703 1046 772 sint
1057 757 1067 790 ,
1080 701 1141 774 sed
1158 703 1273 774 etiam

206 819 235 888 si
258 815 413 887 discerni
431 837 508 884 non
526 813 676 910 possint.
700 812 843 904 Quibus
861 811 1009 910 positis,
1031 813 1139 882 unius
1159 835 1274 910 argu-

204 930 318 1000 menti
337 924 571 998 conclusione
589 938 662 996 tota
680 923 726 995 ab
742 924 799 994 his
812 947 917 994 causa
935 921 1272 1021 comprehenditur.

204 1038 412 1134 Composita
437 1031 602 1131 [autem]
625 1057 667 1106 ea
685 1033 869 1105 conclusio
891 1035 942 1104 sic
959 1029 1039 1104 est⁵
1055 1057 1063 1100 :
1082 1037 1275 1118 «Eorum,

204 1172 284 1244 quae
302 1144 482 1231 videntur,
508 1141 576 1214 alia
594 1167 677 1215 vera
694 1159 798 1233 sunt,
819 1143 887 1216 alia
902 1142 1006 1231 falsa3
1025 1157 1062 1215 et
1082 1142 1184 1240 quod
1203 1141 1273 1214 fal·

203 1281 283 1327 sum
302 1251 391 1341 est⁶,
408 1252 446 1324 id
464 1254 604 1352 percipi
621 1276 699 1324 non
718 1267 860 1351 potest:
880 1252 981 1350 quod
1000 1267 1118 1325 autem
1141 1277 1276 1325 verum

203 1367 319 1436 visum
338 1378 410 1447 est,
431 1360 467 1432 id
483 1385 592 1432 omne
611 1363 682 1434 tale
700 1377 774 1451 est,
793 1375 834 1434 ut
852 1361 1013 1458 ejusdem
1026 1360 1126 1432 modi
1139 1359 1274 1433 falsum

204 1477 334 1544 etiam⁷
357 1472 470 1568 possit
488 1467 611 1541 videri.
632 1475 698 1559 Et,
715 1496 796 1569 quae
815 1474 978 1542 visasint
996 1471 1174 1566 ejusmodi
1186 1465 1215 1558 ⁸,
1229 1487 1277 1542 ut

202 1585 240 1653 in
265 1583 309 1653 iis
333 1580 422 1651 nihil
445 1581 607 1667 intersit,
635 1605 711 1651 non
739 1605 845 1680 posse
871 1579 1053 1669 accidere,
1074 1595 1116 1652 ut
1141 1605 1273 1652 eorum

201 1692 269 1764 alia
286 1692 425 1790 percipi
444 1691 604 1787 possint,
630 1689 699 1762 alia
721 1691 965 1790 nonpossint.
987 1689 1135 1762 Nullum
1159 1691 1277 1786 igitur

151 1835 182 1892 ,ι
203 1817 256 1876 est
271 1804 406 1888 visum,
423 1799 525 1898 quod
542 1802 680 1899 percipi
696 1801 810 1897 possit
822 1831 850 1871 s.
869 1804 959 1892 Quae
972 1815 1092 1872 eutem
1106 1815 1276 1884 sumunt,

205 1927 245 1984 ut
271 1909 490 1984 concludant
515 1906 572 1994 id,
592 1909 692 2006 quod
718 1911 868 1999 volunt,
884 1935 929 1982 ex
946 1909 1002 1982 his
1021 1909 1097 1982 duo
1112 1909 1181 1982 sibi
1201 1935 1274 2008 pu·

202 2193 216 2223 e
234 2173 323 2222 nostris
340 2170 366 2218 id
384 2169 486 2229 babent,
503 2187 581 2236 neque
597 2185 711 2223 contexta
793 2191 816 2234 7.
831 2171 1273 2222 Falsumetium.Goereuedetetiuus

202 2253 341 2303 admittunt.
360 2253 422 2298 suut
440 2265 516 2314 graees
530 2248 577 2307 ὧςε
594 2247 636 2300 καὶ
650 2249 712 2300 ἄλλα
749 2251 855 2318 fulsum.
879 2253 934 2312 Sic,
955 2251 1050 2316 inquit,
1076 2267 1132 2300 curu
1152 2252 1222 2301 Gud.
1245 2267 1276 2302 et

200 2332 281 2396 ταύτῷ
293 2327 375 2397 τρόπῳ
388 2327 509 2394 φαίνεσθαι
524 2321 646 2379 discedat.
665 2333 711 2380 Su·
756 2331 839 2396 fragm.
854 2330 910 2380 cod.
919 2332 982 2378 Veu.
997 2339 1076 2393 1494,
1087 2331 1153 2380 Cret.
1165 2342 1188 2378 et
1200 2342 1278 2380 vetus

201 2425 244 2476 prs
256 2408 373 2474 expressit
384 2408 531 2455 buceuctor
543 2409 649 2472 sepius:
663 2418 713 2459 «ut
756 2411 828 2460 editis
841 2409 968 2475 pluribus,
982 2409 1110 2458 dedimus:
1128 2425 1183 2457 uam
1198 2421 1276 2476 post·

201 2491 273 2538 etism
286 2487 345 2535 falsa
358 2485 435 2535 videri
448 2486 544 2550 possint
552 2507 575 2543 ι,
592 2485 611 2534 si
625 2501 712 2552 nempe
756 2491 835 2555 posita
844 2500 906 2554 pert.
915 2489 1032 2553 prouder
1042 2489 1184 2554 accipienda
1193 2489 1275 2548 foret,

201 2585 263 2617 vera
275 2567 332 2615 visa
346 2575 521 2631 opponuntur,
534 2581 599 2629 uon,
611 2576 639 2614 nt
653 2566 679 2613 h.
694 2567 712 2616 l.
756 2567 825 2634 quod
841 2570 889 2617 huc
902 2570 1001 2617 minime
1014 2570 1125 2633 qnsdrat.
1139 2569 1206 2636 Cfis
1221 2577 1275 2626 41:

201 2647 259 2695 visa
275 2645 424 2710 simpliciter.
444 2643 523 2705 Qusrn
539 2643 622 2708 inepte
639 2644 713 2708 igitur
757 2648 825 2696 «tale
839 2665 903 2706 esse,
917 2649 987 2713 qnsle
1001 2651 1072 2697 etiem
1089 2665 1102 2696 u
1117 2649 1179 2697 fslso
1192 2649 1277 2714 possit

201 2727 278 2774 reuda
287 2723 434 2781 intrudatur,
446 2731 534 2784 sponte
543 2731 616 2785 patet.
628 2723 660 2771 G.
758 2743 809 2774 esse
818 2747 838 2774 ι,
851 2726 965 2774 Arcesila
978 2739 1058 2775 sutem
1076 2727 1138 2776 ratio
1152 2727 1188 2776 sic
1202 2741 1271 2783 erut.

237 2814 264 2862 4.
281 2804 308 2851 ss·
325 2800 392 2851 omni
408 2810 537 2865 exparte.
557 2802 612 2848 Hoc
628 2799 714 2850 ordine
758 2815 819 2854 teste
833 2807 898 2853 Sext.
915 2805 1060 2870 Erup.V11,
1077 2807 1144 2861 154:
1159 2800 1275 2872 Οὐδεμία

201 2883 261 2932 Vin.
275 2893 300 2930 et
313 2881 400 2946 scripti
412 2878 461 2928 mei
474 2893 568 2927 ornnes.
580 2879 665 2930 Recte.
681 2881 714 2929 G.
758 2881 855 2936 enemim
875 2881 959 2940 dim-le
981 2879 1101 2949 persenis
1121 2881 1274 2952 sbpieserus,

237 2963 261 3009 ⁵.
276 2959 415 3024 Composita
425 2957 435 3022 [
444 2957 541 3022 autem]
552 2975 583 3005 ea
593 2959 714 3007 eoeclmio
759 2959 798 3013 οἶα
809 2964 851 3013 οὐκ
864 2959 892 3013 ἂν
903 2963 994 3034 γένοιτο
1004 2959 1100 3028 luendis.

200 3040 236 3088 sic
252 3049 295 3088 est.
312 3043 401 3088 Autem
417 3036 526 3086 tollendis
543 3049 608 3096 erut,
622 3039 714 3104 quippe
795 3041 819 3092 Β.
835 3045 897 3106 Qua
909 3043 966 3092 visa
978 3042 1027 3090 siut
1039 3043 1171 3109 ejusmodi.
1182 3078 1207 3091 ..
1225 3061 1275 3092 eon

201 3135 256 3184 qute
274 3130 337 3184 pert.
354 3127 495 3166 constanter
510 3115 541 3163 nb
557 3117 672 3166 omnibns
691 3127 717 3166 et
755 3136 829 3184 posse
847 3119 968 3170 uendere.
989 3121 1018 3171 P.
1027 3123 1124 3171 bisunt.
1144 3134 1169 3172 et
1188 3123 1275 3172 lamb.

202 3197 303 3253 uostris,
316 3208 343 3245 et
355 3195 420 3245 bsud
435 3193 509 3242 dubie
521 3195 593 3242 etism
604 3196 715 3256 Davisii,
760 3216 832 3247 enon
853 3211 935 3264 potest
955 3200 1065 3249 recidere
1078 3225 1099 3250 ι.
1120 3205 1157 3250 Its
1180 3203 1276 3252 scilieet

203 3276 341 3338 rejiciatur:
364 3275 405 3321 bic
425 3274 490 3321 euim
510 3289 563 3320 erm
584 3277 656 3324 terite
673 3291 716 3323 ex·
759 3277 858 3343 proprie
867 3279 941 3328 scribi
951 3278 1068 3344 debebrt;
1081 3292 1106 3329 ut
1117 3283 1172 3346 quis
1182 3283 1275 3343 nescit,

202 3353 301 3417 punxit.
323 3352 472 3401 luculentam
489 3351 553 3399 banc
572 3353 715 3417 perticulam
760 3373 831 3420 qnam
840 3374 905 3424 saepe
914 3369 1008 3417 auctor,
1015 3360 1040 3408 in
1049 3360 1161 3426 longiore
1169 3362 1276 3410 mine

203 3431 276 3480 simili
289 3430 546 3486 rstiouevideOl'l.1,
559 3432 602 3490 31,
616 3447 640 3490 7,
653 3430 715 3482 ibid.
759 3440 1276 3498 mutatmmnstmcdouemmnummet?

202 3513 256 3569 111,
272 3525 318 3572 29,
337 3516 382 3568 14,
393 3507 511 3572 Hearing.
526 3513 558 3559 G.
759 3515 789 3560 Iu
800 3514 838 3563 bis
847 3516 910 3563 locis
923 3533 970 3581 pro
978 3515 1059 3566 lubitu
1070 3520 1173 3578 versari,
1187 3535 1217 3568 eo
1228 3521 1274 3567 nsi-

240 3589 265 3636 6.
282 3585 497 3651 Ecquodjislsum
510 3600 552 3637 ese.
566 3586 713 3638 &esth-1.
759 3607 804 3640 nus
826 3595 1005 3660 circumspectae
1028 3595 1104 3664 spiret
1127 3598 1198 3657 lieet,
1222 3615 1274 3662 quo

204 3665 389 3730 assumptionis,
400 3681 455 3729 que
468 3683 546 3732 nuper
558 3666 617 3716 alibi
630 3667 714 3715 multi·
759 3671 908 3734 probebilius
917 3675 949 3722 sit
962 3675 1018 3722 telis
1034 3677 1127 3724 auctori
1140 3693 1192 3724 uon
1204 3679 1273 3725 exci-

204 3746 392 3794 frustulentam
405 3755 455 3805 est;
469 3745 511 3792 sed
524 3747 634 3810 pessime.
651 3745 714 3794 Nam
760 3749 835 3810 disse,
848 3751 891 3799 sed
904 3754 1025 3802 varianda·
1038 3755 1143 3802 orationi
1157 3755 1274 3804 consulto

204 3825 267 3873 bene
289 3823 434 3883 tenendum,
456 3823 497 3873 rix
515 3839 629 3889 umquem
646 3825 716 3873 aliter
758 3829 837 3892 positu
856 3845 916 3878 esse.
936 3831 992 3880 Sint
1008 3843 1087 3880 sutem
1105 3849 1153 3896 pro
1172 3835 1275 3898 vulgsto

205 3905 366 3964 Ciceronem,
383 3903 404 3951 si
419 3901 490 3967 plene
509 3903 650 3966 concludit,
667 3904 715 3952 uisi
758 3918 816 3955 stent
827 3924 841 3956 e
854 3921 960 3973 quatuor
968 3911 1072 3970 nostris,
1083 3911 1157 3961 Vieu.
1172 3912 1276 3977 aliisque

205 3994 229 4030 et
251 3981 326 4050 (mro
349 3981 456 4048 atque),
478 3979 510 4030 sd
527 3984 715 4048 assumptionem
758 3985 861 4034 eliorum
885 3987 1011 4046 dedimus,
1034 3990 1109 4053 idque
1134 4007 1192 4039 seue
1216 3992 1274 4039 loeo

206 4060 300 4122 additu,
310 4061 424 4110 scribere.
435 4061 466 4108 G.
759 4065 938 4114 convenienter.
953 4070 987 4117 G.
