2762 4656
303 357 550 430 lolnenrn.
572 353 602 447 1,
627 355 759 430 enen
784 357 833 447 n,
857 385 909 430 tt.
1068 363 1137 434 285

71 472 206 570 spicni3
228 493 356 542 verum
375 469 463 540 illud
489 469 635 567 quidem
657 474 871 568 impressum
890 474 928 542 in
947 476 1067 546 animo
1084 491 1139 546 at-

71 607 144 678 que
166 595 313 666 mente,
331 604 450 677 neque
471 594 592 651 tamen
610 579 648 650 id
665 582 801 679 percipi
820 605 861 652 ao
877 583 1139 679 comprehendi

72 701 236 789 posse¹¹.
267 693 352 780 Quo
375 691 471 760 enirn
498 689 609 789 modo
636 693 825 789 perspicue
855 689 985 762 dixeris
1013 692 1137 765 album

71 825 149 872 esse
165 799 324 897 aliquid,
346 823 461 897 quum
482 801 594 897 possit
617 799 797 888 accidere,
820 814 861 871 ut
878 799 937 886 id,
958 801 1055 899 quod
1080 805 1137 874 ni-

71 934 176 1005 grum
191 911 256 996 sit,
272 907 396 980 album
412 933 489 980 esse
502 908 687 980 videatur?
701 925 763 980 aut
779 935 854 1008 quo
872 910 981 983 modo
997 913 1062 983 ista
1076 929 1138 985 nut

72 1020 264 1116 perspicua
289 1018 471 1103 dicemus,
489 1033 551 1090 aut
574 1022 689 1090 menti
711 1021 923 1118 impresse¹²
945 1021 1137 1109 subtiliter,

71 1153 187 1226 quum
207 1129 255 1200 sit
273 1132 471 1218 incertum,
490 1155 574 1201 vere
586 1125 629 1217 ¹³,
645 1131 842 1201 inaniterve
861 1134 1068 1203 moveatur?
1084 1138 1138 1205 lta

70 1263 191 1336 neque
214 1238 369 1326 color¹4‚
389 1263 510 1337 neque
530 1263 678 1337 corpus,
701 1264 768 1311 nec
786 1245 935 1326 veritas,
952 1264 1019 1314 nec
1033 1267 1137 1341 argu·

71 1365 257 1434 mentum,
283 1373 352 1420 nec
377 1373 521 1439 sensus,
542 1375 664 1448 neque
687 1353 918 1449 perspicuum
943 1353 1056 1424 ullum
1078 1379 1136 1424 re-

71 1459 260 1556 linquitur.
279 1463 331 1530 Ex
348 1458 417 1531 hoc
435 1459 523 1531 illud
538 1460 594 1532 his
608 1463 813 1533 usuvenire
828 1463 940 1551 solet,
955 1479 1014 1548 ut,
1034 1463 1136 1561 quid·
1155 1481 1188 1533 35

71 1570 159 1668 quid
179 1571 352 1656 dixerint,
364 1595 386 1642 a
399 1570 615 1669 quibusdam
632 1574 922 1670 interrogentur:
936 1579 1031 1674 Ergo
1044 1575 1136 1645 istuc

71 1677 218 1776 quidem
235 1678 446 1779 percipis¹⁵i
467 1683 537 1752 Sed
552 1685 615 1780 qui
633 1684 682 1753 itu
698 1686 940 1780 interrogant,
959 1684 1005 1755 ab
1023 1684 1078 1754 his
1090 1685 1137 1755 ir-

69 1787 287 1862 ridentur¹⁶.
301 1794 334 1862 N
336 1817 385 1862 on
399 1795 495 1863 enim
510 1807 708 1889 urgent,ut
722 1807 937 1892 coarguant,
953 1795 1134 1865 neminem

72 1899 142 1972 nlla
164 1899 211 1973 de
229 1926 270 1972 re
287 1924 394 2000 posse
415 1903 653 1992 contendere,
671 1927 792 2001 neque
815 1925 1037 1986 asseverare,
1058 1904 1136 1976 sine

106 2131 148 2164 rr.
168 2117 257 2180 Neque
273 2126 367 2164 tamen.
377 2149 384 2162 .
395 2149 402 2163 .
413 2131 494 2178 porse.
513 2115 583 2163 Sient
622 2117 726 2176 junctim
740 2116 862 2174 dicuntur,
878 2115 919 2164 ille
933 2116 1074 2180 cogitandi,
1087 2118 1137 2167 hoc

69 2194 178 2244 ridentur
188 2195 271 2241 nivern
280 2193 358 2241 elbum
368 2209 432 2252 eree,
442 2205 582 2240 uouentem
624 2193 756 2257 appetendi
771 2193 823 2242 vim
836 2198 931 2253 notari,
944 2198 1072 2260 repererim
1087 2214 1135 2263 po·

70 2275 216 2338 percipimur
233 2270 360 2336 quomodo
377 2270 431 2319 albe
449 2271 521 2318 nobie
541 2271 580 2318 ri·
624 2273 690 2328 eitie,
705 2274 802 2338 utrique
823 2285 948 2338 utromque
964 2275 1014 2323 iere
1027 2277 1077 2324 rim
1090 2277 1136 2325 tri·

70 2353 371 2414 dutnrJlnnceuepnto
380 2349 580 2398 Aoedernicornrn
624 2350 676 2400 bui.
689 2354 722 2401 G.

70 2435 220 2483 nuntiem.
232 2435 387 2480 nonanus.
663 2415 968 2495 relinquimur...
983 2433 1136 2498 relinquitur.

104 2529 144 2563 ιι.
156 2513 234 2561 ilenti
243 2511 357 2574 impressa
367 2509 493 2558 subtiliter.
503 2508 582 2556 uenti
624 2509 705 2557 Primo
730 2511 822 2558 intuitu
847 2513 947 2560 confuse
970 2513 1052 2561 haecce
1076 2513 1136 2578 poni

69 2593 182 2656 inrprrssa
196 2590 304 2655 pertinet
317 2588 350 2636 nd
364 2589 523 2637 steterunt
536 2603 581 2636 κα·
625 2588 755 2638 ridentur:
768 2589 812 2637 red
825 2589 887 2638 bene
901 2601 968 2638 etex
981 2593 1067 2639 ordine
1080 2603 1138 2640 eunt

69 2676 187 2726 soimeri·
195 2668 372 2727 definitionem,
380 2667 430 2715 vid.
438 2665 531 2732 enpreS
540 2669 580 2715 ¹8.
625 2670 711 2732 posite.
726 2669 753 2715 Si
763 2669 827 2716 eninr
842 2691 853 2713 ι
861 2669 958 2717 colores
971 2681 995 2718 et
1008 2685 1112 2734 corpore
1123 2693 1136 2714 ι.

69 2741 488 2811 tumimiremoreunynnsmi
495 2745 579 2796 temti
623 2762 674 2794 non
688 2759 759 2805 runt,
772 2748 838 2794 nulla
852 2760 889 2796 ert
903 2764 981 2795 rernm
992 2784 999 2809 ,
1012 2750 1039 2796 in
1053 2765 1136 2798 remur

69 2823 206 2897 ιὰριῧῶς
214 2827 391 2891 comperet-G.
623 2826 779 2884 cadentium,
802 2827 905 2875 veritas.
930 2829 992 2890 Qnae
1016 2829 1062 2874 nisi
1085 2840 1135 2886 est,

103 2911 145 2958 ιδ.
173 2911 254 2968 Vere,
278 2905 411 2955 inaniterne
436 2909 579 2952 mercarer?
623 2905 717 2952 nullum
735 2913 771 2953 est
791 2905 931 2969 disputandi
949 2919 1133 2968 argumentum,

68 2988 105 3037 Ad
117 3003 172 3052 qnoe
188 2997 256 3035 recte
274 2995 370 3034 coornet
381 2984 507 3032 Deririnm
520 2985 578 3031 Ern.
623 2983 691 3048 qnod
703 2983 786 3047 nliqno
800 2983 959 3031 fundamento
974 2983 1083 3032 nitetur:
1095 3001 1135 3033 er·

69 3069 139 3130 quir.
149 3063 496 3114 mimnsndrlivolneret-Sed
504 3077 579 3126 quon
623 3073 736 3127 gnrnente
749 3063 813 3111 enirn
824 3077 883 3109 vero
892 3062 1023 3126 querendo
1036 3065 1136 3128 cupiun-

68 3147 130 3194 idern
144 3148 207 3195 Em.
223 3153 338 3192 concute
349 3143 421 3190 eltine
435 3144 541 3206 reperit,
556 3153 580 3189 et
624 3155 672 3191 tur.
684 3144 746 3190 'lum
760 3158 805 3190 neo
817 3142 907 3190 stolen
917 3141 967 3187 veri
978 3141 1099 3200 indicium
1110 3145 1135 3192 in

69 3226 175 3274 everbie
188 3245 202 3267 α
211 3219 354 3286 impressum
372 3223 399 3270 in
414 3221 495 3268 anieno
507 3233 581 3285 etque
624 3221 743 3280 rensibus,
758 3235 803 3267 nec
816 3219 932 3268 Carneadi
946 3219 970 3266 in
984 3222 1074 3289 πιθανῷ
1087 3239 1135 3289 po-

69 3315 165 3351 nente·
175 3301 287 3351 eemdem
296 3315 381 3348 rocem
388 3299 491 3362 intelligi
498 3299 579 3361 jubet,
625 3315 681 3348 nere
690 3299 782 3348 licebit.
794 3301 826 3347 G.

69 3397 116 3430 non
129 3399 189 3430 rene
202 3381 314 3444 equidem
326 3379 415 3438 rideo,
430 3394 475 3426 eur
485 3394 536 3427 non
550 3393 582 3426 ex
663 3382 703 3429 15.
717 3375 954 3442 Ergcistucqnidem
963 3380 1073 3446 percipis,
1082 3385 1137 3432 Μ..

68 3464 181 3525 proximo
195 3460 287 3521 menti,
300 3475 382 3516 mens,
395 3469 423 3508 nt
435 3458 580 3524 rnpirdrne,
625 3460 679 3507 vnlt
689 3458 760 3508 lieth.
774 3479 785 3501 ι
797 3458 860 3520 Ergo
872 3456 937 3504 istud
946 3460 1045 3521 quidem
1056 3465 1136 3526 perci-

68 3543 201 3604 cogitem
218 3540 258 3588 vel
276 3541 392 3588 ominum
408 3539 491 3604 potine
503 3553 577 3603 pron.
622 3539 707 3604 pirisn.
715 3537 763 3586 Sed
774 3536 858 3584 melius
868 3536 1028 3599 cogitetur-ex
1039 3542 1136 3606 vulgate

67 3620 97 3666 rit
109 3636 155 3680 oa,
166 3631 196 3668 nt
208 3619 301 3683 ubique
313 3619 437 3667 obeerreri
449 3619 517 3666 licet.
531 3619 579 3665 Tn-
622 3619 725 3682 quisque
744 3631 774 3664 ex
794 3615 893 3679 singulis
912 3616 949 3662 hir
966 3620 1133 3678 Academicis,

67 3714 119 3746 rnen
134 3715 158 3750 r.
169 3699 266 3747 anim
278 3700 351 3748 textis
362 3699 453 3760 edjecit
465 3695 577 3748 lliilscnr.
623 3713 677 3746 oum
689 3713 739 3760 quo
752 3697 855 3744 maxime
863 3711 902 3742 res
912 3697 951 3745 rit.
962 3697 993 3745 G.

69 3779 180 3826 inaniter
199 3789 279 3828 nutem
306 3791 414 3828 movetur
433 3793 515 3836 mene,
540 3778 577 3836 ei,
660 3778 700 3825 16.
713 3775 761 3823 Sed
774 3775 818 3840 qui
829 3773 1136 3840 itainterrognnr‚nbiris

67 3871 119 3918 qua
147 3859 253 3922 cogitet,
278 3860 380 3907 veritate
405 3859 577 3906 destituuntur.
622 3856 760 3904 irrideretur.
775 3853 840 3902 Gnd.
859 3855 901 3902 Dr.
917 3856 1030 3917 ignorant
1043 3857 1085 3902 ira.
1105 3857 1135 3903 Et

67 3935 103 3981 (li.
118 3937 176 3984 Nar.
190 3939 264 3985 Deor.
277 3941 304 4000 l,
319 3939 368 3996 38,
385 3938 449 3995 1053
462 3935 502 3983 cll.
516 3936 578 3984 inire
622 3951 679 3983 enne
698 3935 754 3982 ferri
768 3934 852 3999 possit.
871 3935 905 3980 At
918 3933 1044 3996 equidem,
1058 3949 1134 3997 quum

70 4015 108 4070 ¹⁵,
119 4021 195 4074 47:22
206 4019 279 4066 Tnec.
291 4020 337 4075 tv,
347 4014 577 4073 6‚13.Addendnrn
622 4013 819 4077 interrogationis
831 4012 902 4060 verbe
915 4027 1027 4076 expresse
1039 4011 1134 4060 adden-

68 4089 173 4156 deniqne
190 4107 239 4158 ert,
254 4107 359 4144 mentem
376 4107 400 4143 et
415 4093 542 4150 aninum,
558 4095 578 4142 ei
624 4105 671 4154 rur,
683 4092 802 4156 vulgatam
813 4107 893 4138 veram
901 4090 994 4150 judico.
1006 4090 1035 4136 G.
