2776 4688
275 389 318 460 18
502 387 553 456 IN
575 385 817 456 CICERONIS
838 385 1104 455 ACADEMICA

268 535 344 578 eum
363 497 442 574 iilud
463 507 505 572 de
524 507 691 572 Varrone:
716 529 818 594 quum
837 508 940 570 Varro
963 505 1155 570 Antiochius
1177 521 1284 586 esset,
1306 505 1343 569 id

268 619 391 705 ipsum,
410 629 447 678 ut
455 635 587 703 prorsus
603 613 650 676 rei
668 636 734 676 suae
748 613 961 692 conveniens,
978 611 1095 704 eupide
1111 610 1164 676 ille
1176 611 1343 699 arripuit,

266 740 363 809 atque
384 721 429 784 IV
451 721 528 782 istos
553 719 652 782 libros
674 720 720 782 sic
742 718 950 805 conscripsit,
973 733 1010 780 ut
1035 717 1069 780 in
1088 723 1208 806 primo,
1234 740 1342 784 scena

265 829 383 918 dialogi
399 829 457 890 alia
471 825 618 907 inducta,
633 849 688 906 ea,
708 849 779 913 quae
796 825 829 888 in
849 825 963 890 Catulo
981 825 1015 888 in
1034 825 1136 888 totius
1149 823 1342 888 Academiae

264 934 429 998 historiam
442 931 636 996 brevissimis
651 931 866 1018 exposuisset,
881 929 1060 993 accuratius
1074 927 1116 992 ad
1129 930 1343 994 Antiochum

263 1061 368 1127 usque
383 1051 573 1124 exponeret,
596 1053 693 1124 atque
713 1036 756 1100 ita
779 1037 886 1100 totum
908 1021 998 1136 hunc
1019 1034 1140 1098 librum
1164 1035 1340 1122 expleret,

261 1143 443 1210 insecundo
452 1141 599 1206 Arcesilae
610 1141 768 1206 rationem
779 1140 947 1228 separatim
961 1140 1145 1228 explicaret,
1158 1141 1340 1204 subtractis

261 1253 397 1338 iis,qute
407 1249 524 1336 passim
534 1248 567 1310 in
575 1248 688 1311 Catulo
699 1263 731 1312 et
739 1245 876 1312 Lucullo
884 1247 1178 1328 monuisset3tertto
1186 1245 1339 1334 denique

261 1375 294 1421 et
316 1369 429 1444 quarto
446 1353 548 1434 libro,
568 1354 625 1440 qui
642 1355 693 1418 vel
713 1352 789 1418 inde
807 1352 873 1432 jam
894 1353 1125 1416 contractiores
1142 1371 1338 1433 evaserant,

260 1459 431 1526 Carneadis
445 1474 478 1524 et
493 1459 636 1523 Philonis
651 1459 823 1523 sententias
834 1475 1023 1546 reponeret,
1036 1457 1176 1522 collectis
1193 1459 1336 1539 metius,

258 1566 502 1652 accuratiusque
515 1562 694 1652 dispositis,
705 1587 777 1652 quae
787 1565 898 1652 paullo
909 1562 1118 1646 diffluebant,
1130 1564 1338 1651 mutatisque

258 1672 411 1761 rebquis,
437 1693 510 1758 quae
537 1669 693 1735 mutanda
718 1687 865 1758 putaret3
889 1686 994 1734 cetera
1020 1670 1127 1734 omnia
1156 1669 1336 1752 retineret,

258 1803 330 1869 quae
345 1778 386 1844 ad
402 1778 521 1842 horum
538 1777 751 1842 duumvirum
769 1775 1010 1866 philosophiam
1027 1778 1241 1858 rel'errentur3
1259 1778 1336 1840 sin·

257 1886 404 1974 gulisque
425 1884 475 1948 his
499 1882 589 1947 libris
611 1899 777 1972 postremo
798 1881 870 1948 loco
891 1882 1045 1972 prooemia
1067 1881 1252 1971 praeligeret.
1279 1884 1334 1948 Ita

258 2013 334 2054 sane
359 1989 546 2076 grandiores
573 1989 607 2052 hi
634 1988 708 2054 libri
737 1989 897 2070 exierant,
921 2011 1019 2076 quam
1048 1987 1111 2067 illi3
1139 1987 1196 2052 sed
1219 2001 1335 2052 tamen

257 2093 358 2158 multa
380 2093 554 2156 detracta:
577 2093 621 2156 ita
645 2093 883 2180 splendidiores,
905 2093 1074 2174 breviores,
1097 2093 1246 2156 meliores.
1276 2097 1334 2157 Cf.

258 2221 309 2287 ep.
338 2197 388 2262 13.
414 2198 486 2263 Hoc
511 2196 641 2263 tandem
667 2197 767 2262 modo
792 2199 873 2263 nihil
897 2199 1081 2279 miraberis,
1108 2201 1133 2263 si
1159 2199 1211 2262 illa
1231 2199 1332 2288 'apud

258 2301 402 2369 Nonium
418 2304 489 2367 loca
502 2325 541 2366 ex
557 2301 602 2364 1v
616 2300 737 2367 Acadd.
753 2303 878 2368 laudata
897 2304 1046 2368 cumillis
1061 2305 1187 2369 Luculli
1203 2324 1332 2368 conve·

257 2411 353 2472 niunt
363 2431 371 2471 :
383 2409 505 2498 quippe
517 2407 574 2495 qui
587 2408 757 2471 maximam
770 2425 895 2495 partem
906 2409 947 2472 ab
958 2425 1090 2474 auctore
1100 2409 1135 2474 in
1147 2410 1192 2473 IV
1203 2409 1330 2474 librum

256 2514 426 2578 translatus
448 2528 540 2578 esset.
564 2513 613 2578 Ne
634 2515 669 2576 in
690 2513 754 2578 hoc
777 2513 910 2602 quidem
933 2513 1080 2581 offendat
1100 2516 1172 2602 quis
1192 2537 1331 2580 necesse

256 2621 331 2700 erit,
348 2617 438 2706 quod
453 2616 539 2682 idem
558 2619 684 2683 Nonius
701 2620 798 2683 verba
814 2621 883 2702 illa,
899 2622 1023 2686 Lucull.
1043 2621 1098 2702 18,
1117 2619 1169 2708 57,
1196 2643 1328 2708 «quum

256 2747 354 2789 ovum
375 2725 596 2813 inspexerant,
616 2747 687 2811 quae
709 2725 742 2788 id
763 2727 878 2815 gallina
901 2729 1093 2816 peperisset,
1113 2726 1220 2790 dicere
1238 2728 1329 2792 sole-

255 2831 377 2911 bant»,
401 2829 443 2894 ad
466 2830 644 2894 secundum
671 2833 857 2919 posterioris
884 2832 1035 2898 editionis
1060 2833 1178 2898 librum
1201 2833 1328 2898 refert:

255 2957 329 3000 nam
341 2951 406 2998 tota
415 2937 484 2998 haee
493 2935 533 2998 de
542 2935 689 2999 sensibus
699 2936 875 3026 disputatio
884 2939 1017 3028 proprio
1025 2939 1114 3021 jure,
1125 2955 1164 3002 ut
1170 2937 1327 3016 diximus,

255 3041 295 3106 ad
312 3042 457 3106 Arcesilae
472 3042 631 3105 rationem
647 3043 836 3130 pertinebat.

298 3147 356 3210 His
373 3145 472 3236 igitur
482 3146 651 3233 expositis,
667 3149 897 3213 accuratiorem
914 3165 948 3212 et
962 3150 1142 3236 pleniorem
1156 3163 1328 3214 utrorum·

257 3273 321 3338 que
337 3249 601 3315 Academicorum
616 3253 707 3338 quasi
721 3254 893 3343 imaginem
911 3253 1085 3318 informare
1101 3253 1218 3318 licebit.
1237 3253 1325 3318 Nam

258 3355 315 3442 qui
331 3371 462 3442 putant,
479 3373 644 3420 auctorem
660 3358 693 3420 in
712 3359 777 3422 sola
793 3359 938 3423 Philonis
953 3360 1112 3424 sententia
1130 3359 1327 3448 exponenda
1371 3391 1372 3398 ¹

258 3473 452 3544 occupatum
466 3457 580 3542 fuisse,
595 3460 645 3523 his
658 3461 717 3524 ista
730 3483 797 3525 non
813 3464 1021 3544 Academica,
1037 3463 1094 3529 sed
1110 3465 1325 3546 Pltilom'ena,
1370 3479 1371 3506 ³

257 3561 460 3626 inscribenda
473 3580 578 3646 erant,
596 3587 699 3653 quum
715 3581 778 3630 tres
793 3568 952 3658 principes
966 3571 1025 3633 viri
1040 3587 1163 3652 essent,
1177 3593 1324 3657 quorum
1369 3587 1370 3612 l

258 3669 382 3756 primus
404 3690 494 3730 novae
516 3669 693 3735 Academiae
714 3671 924 3738 fundamenta
941 3677 1077 3757 jecerat,
1102 3677 1170 3764 ipse
1191 3699 1258 3740 non
1279 3676 1323 3740 ad
1368 3683 1369 3718 ³

165 3825 169 3834 .
258 3797 327 3838 eam
341 3773 475 3854 relatus,
492 3773 571 3838 alter
582 3776 726 3840 eamdem
739 3778 870 3866 ingenio
882 3779 976 3867 plane
990 3781 1109 3868 insigni
1121 3783 1321 3862 excoluerat;
1367 3777 1368 3821 t

257 3879 371 3944 tertius
389 3878 529 3967 denique
545 3881 703 3946 excultam
719 3883 904 3971 perfecerat.
1366 3863 1367 3886 l

605 4185 625 4221 Q
