<?xml version="1.0" encoding="UTF-8"?>
<!DOCTYPE html PUBLIC "-//W3C//DTD XHTML 1.0 Transitional//EN"
    "http://www.w3.org/TR/xhtml1/DTD/xhtml1-transitional.dtd">
<html xmlns="http://www.w3.org/1999/xhtml" xml:lang="en" lang="en">
 <head>
  <title>
</title>
<meta http-equiv="Content-Type" content="text/html;charset=utf-8" />
  <meta name='ocr-system' content='tesseract 3.04.00' />
  <meta name='ocr-capabilities' content='ocr_page ocr_carea ocr_par ocr_line ocrx_word'/>
</head>
<body>
  <div class='ocr_page' id='page_1' title='image "./mtciceronisquae01lemagoog_0576.png"; bbox 0 0 2756 4692; ppageno 0'>
   <div class='ocr_carea' id='block_1_1' title="bbox 267 372 985 449">
    <p class='ocr_par' dir='ltr' id='par_1_1' title="bbox 267 372 985 449">
     <span class='ocr_line' id='line_1_1' title="bbox 267 372 985 449; baseline 0.003 -3"><span class='ocrx_word' id='word_1_1' title='bbox 267 372 338 446; x_wconf 79' lang='lat'><strong>556</strong></span> <span class='ocrx_word' id='word_1_2' title='bbox 601 377 650 446; x_wconf 92' lang='grc' dir='ltr'><strong>Μ.</strong></span> <span class='ocrx_word' id='word_1_3' title='bbox 676 379 715 446; x_wconf 91' lang='grc' dir='ltr'><strong>Τ.</strong></span> <span class='ocrx_word' id='word_1_4' title='bbox 742 379 985 449; x_wconf 82' lang='lat' dir='ltr'>CICERONIS</span> 
     </span>
    </p>
   </div>
   <div class='ocr_carea' id='block_1_2' title="bbox 259 497 1336 1313">
    <p class='ocr_par' dir='ltr' id='par_1_2' title="bbox 259 497 1336 1313">
     <span class='ocr_line' id='line_1_2' title="bbox 263 497 1336 578; baseline 0.001 -22"><span class='ocrx_word' id='word_1_5' title='bbox 263 497 370 578; x_wconf 88' lang='lat' dir='ltr'><strong>quibus</strong></span> <span class='ocrx_word' id='word_1_6' title='bbox 383 498 506 558; x_wconf 84' lang='lat' dir='ltr'><strong>maxima</strong></span> <span class='ocrx_word' id='word_1_7' title='bbox 525 497 623 558; x_wconf 83' lang='lat' dir='ltr'><strong>civitas</strong></span> <span class='ocrx_word' id='word_1_8' title='bbox 643 511 702 571; x_wconf 87' lang='lat' dir='ltr'><strong>est,</strong></span> <span class='ocrx_word' id='word_1_9' title='bbox 721 517 807 578; x_wconf 86' lang='lat' dir='ltr'><strong>quam</strong></span> <span class='ocrx_word' id='word_1_10' title='bbox 825 501 902 558; x_wconf 87' lang='lat' dir='ltr'><strong>Saim</strong></span> <span class='ocrx_word' id='word_1_11' title='bbox 914 511 1038 558; x_wconf 79' lang='lat' dir='ltr'><strong>uocant:</strong></span> <span class='ocrx_word' id='word_1_12' title='bbox 1051 497 1260 558; x_wconf 71' lang='lat' dir='ltr'><strong>undebmasis</strong></span> <span class='ocrx_word' id='word_1_13' title='bbox 1279 499 1336 558; x_wconf 83' lang='lat' dir='ltr'><strong>luit</strong></span> 
     </span>
     <span class='ocr_line' id='line_1_3' title="bbox 264 588 1334 670; baseline 0 -22"><span class='ocrx_word' id='word_1_14' title='bbox 264 610 316 648; x_wconf 84' lang='lat' dir='ltr'><strong>rex</strong></span> <span class='ocrx_word' id='word_1_15' title='bbox 328 611 336 646; x_wconf 75' lang='grc' dir='ltr'><strong><em>ε</em></strong></span> <span class='ocrx_word' id='word_1_16' title='bbox 348 588 429 649; x_wconf 83' lang='lat' dir='ltr'><strong>urbis</strong></span> <span class='ocrx_word' id='word_1_17' title='bbox 441 590 504 668; x_wconf 87' lang='lat' dir='ltr'><strong>ejus</strong></span> <span class='ocrx_word' id='word_1_18' title='bbox 515 589 663 650; x_wconf 77' lang='lat' dir='ltr'><strong>fundatrix</strong></span> <span class='ocrx_word' id='word_1_19' title='bbox 674 596 736 652; x_wconf 88' lang='lat' dir='ltr'><strong>Dea</strong></span> <span class='ocrx_word' id='word_1_20' title='bbox 750 592 819 666; x_wconf 84' lang='lat' dir='ltr'><strong>fuit,</strong></span> <span class='ocrx_word' id='word_1_21' title='bbox 830 612 918 670; x_wconf 87' lang='lat' dir='ltr'><strong>quum</strong></span> <span class='ocrx_word' id='word_1_22' title='bbox 929 591 1057 670; x_wconf 78' lang='lat' dir='ltr'><strong>AEgyptii</strong></span> <span class='ocrx_word' id='word_1_23' title='bbox 1068 590 1220 660; x_wconf 87' lang='lat' dir='ltr'><strong>Neitbem,</strong></span> <span class='ocrx_word' id='word_1_24' title='bbox 1232 592 1334 650; x_wconf 79' lang='lat' dir='ltr'><strong>Graeci</strong></span> 
     </span>
     <span class='ocr_line' id='line_1_4' title="bbox 262 683 1333 763; baseline -0.001 -22"><span class='ocrx_word' id='word_1_25' title='bbox 262 684 407 742; x_wconf 80' lang='lat' dir='ltr'><strong>Athenam</strong></span> <span class='ocrx_word' id='word_1_26' title='bbox 419 683 582 742; x_wconf 88' lang='lat' dir='ltr'><strong>nominant:</strong></span> <span class='ocrx_word' id='word_1_27' title='bbox 596 683 652 763; x_wconf 90' lang='lat' dir='ltr'><strong>ipsi</strong></span> <span class='ocrx_word' id='word_1_28' title='bbox 666 703 757 762; x_wconf 89' lang='lat' dir='ltr'><strong>porro</strong></span> <span class='ocrx_word' id='word_1_29' title='bbox 770 684 903 744; x_wconf 88' lang='lat' dir='ltr'><strong>homines</strong></span> <span class='ocrx_word' id='word_1_30' title='bbox 915 683 1134 744; x_wconf 72' lang='lat' dir='ltr'>Atheniensium</span> <span class='ocrx_word' id='word_1_31' title='bbox 1148 685 1235 744; x_wconf 89' lang='lat' dir='ltr'><strong>amici</strong></span> <span class='ocrx_word' id='word_1_32' title='bbox 1245 695 1333 754; x_wconf 89' lang='lat' dir='ltr'><strong>sunt,</strong></span> 
     </span>
     <span class='ocr_line' id='line_1_5' title="bbox 262 773 1333 856; baseline 0.002 -25"><span class='ocrx_word' id='word_1_33' title='bbox 262 773 360 852; x_wconf 90' lang='lat' dir='ltr'><strong>eisque</strong></span> <span class='ocrx_word' id='word_1_34' title='bbox 379 793 485 852; x_wconf 76' lang='lat' dir='ltr'><strong>genere</strong></span> <span class='ocrx_word' id='word_1_35' title='bbox 500 774 626 852; x_wconf 87' lang='lat' dir='ltr'><strong>quodam</strong></span> <span class='ocrx_word' id='word_1_36' title='bbox 641 775 810 852; x_wconf 80' lang='lat' dir='ltr'><strong>oonjuuctos</strong></span> <span class='ocrx_word' id='word_1_37' title='bbox 825 795 887 835; x_wconf 88' lang='lat' dir='ltr'><strong>esse</strong></span> <span class='ocrx_word' id='word_1_38' title='bbox 901 796 931 835; x_wconf 90' lang='lat' dir='ltr'><strong>se</strong></span> <span class='ocrx_word' id='word_1_39' title='bbox 946 775 1106 856; x_wconf 83' lang='lat' dir='ltr'><strong>praedicant</strong></span> <span class='ocrx_word' id='word_1_40' title='bbox 1123 799 1131 833; x_wconf 92' lang='lat'><strong>:</strong></span> <span class='ocrx_word' id='word_1_41' title='bbox 1150 795 1213 854; x_wconf 87' lang='lat' dir='ltr'><strong>quo</strong></span> <span class='ocrx_word' id='word_1_42' title='bbox 1234 776 1333 836; x_wconf 85' lang='lat' dir='ltr'><strong>Solon</strong></span> 
     </span>
     <span class='ocr_line' id='line_1_6' title="bbox 262 865 1333 946; baseline 0.001 -23"><span class='ocrx_word' id='word_1_43' title='bbox 262 865 424 944; x_wconf 81' lang='lat' dir='ltr'><strong>proiectum</strong></span> <span class='ocrx_word' id='word_1_44' title='bbox 438 885 469 924; x_wconf 91' lang='lat' dir='ltr'><strong>se</strong></span> <span class='ocrx_word' id='word_1_45' title='bbox 484 865 644 925; x_wconf 84' lang='lat' dir='ltr'><strong>honorilice</strong></span> <span class='ocrx_word' id='word_1_46' title='bbox 657 881 807 946; x_wconf 88' lang='lat' dir='ltr'><strong>acceptum</strong></span> <span class='ocrx_word' id='word_1_47' title='bbox 817 868 905 928; x_wconf 86' lang='lat' dir='ltr'><strong>luisse</strong></span> <span class='ocrx_word' id='word_1_48' title='bbox 915 867 1070 926; x_wconf 80' lang='lat' dir='ltr'><strong>referebat:</strong></span> <span class='ocrx_word' id='word_1_49' title='bbox 1083 881 1113 926; x_wconf 89' lang='lat' dir='ltr'><strong>et</strong></span> <span class='ocrx_word' id='word_1_50' title='bbox 1125 887 1218 946; x_wconf 90' lang='lat' dir='ltr'><strong>quum</strong></span> <span class='ocrx_word' id='word_1_51' title='bbox 1232 868 1274 926; x_wconf 91' lang='lat' dir='ltr'><strong>de</strong></span> <span class='ocrx_word' id='word_1_52' title='bbox 1285 887 1333 925; x_wconf 80' lang='lat' dir='ltr'><strong>re-</strong></span> 
     </span>
     <span class='ocr_line' id='line_1_7' title="bbox 263 957 1331 1038; baseline 0.002 -22"><span class='ocrx_word' id='word_1_53' title='bbox 263 957 375 1017; x_wconf 89' lang='lat' dir='ltr'><strong>tustatis</strong></span> <span class='ocrx_word' id='word_1_54' title='bbox 386 959 525 1017; x_wconf 89' lang='lat' dir='ltr'><strong>memoria</strong></span> <span class='ocrx_word' id='word_1_55' title='bbox 537 959 575 1018; x_wconf 91' lang='lat' dir='ltr'><strong>ab</strong></span> <span class='ocrx_word' id='word_1_56' title='bbox 587 958 643 1018; x_wconf 90' lang='lat' dir='ltr'><strong>illis</strong></span> <span class='ocrx_word' id='word_1_57' title='bbox 654 958 869 1034; x_wconf 83' lang='lat' dir='ltr'><strong>sacerdotibus,</strong></span> <span class='ocrx_word' id='word_1_58' title='bbox 880 959 932 1038; x_wconf 92' lang='lat' dir='ltr'><strong>qui</strong></span> <span class='ocrx_word' id='word_1_59' title='bbox 941 959 1039 1024; x_wconf 79' lang='lat' dir='ltr'><strong>inbac</strong></span> <span class='ocrx_word' id='word_1_60' title='bbox 1053 979 1085 1018; x_wconf 88' lang='lat' dir='ltr'><strong>re</strong></span> <span class='ocrx_word' id='word_1_61' title='bbox 1100 971 1267 1018; x_wconf 87' lang='lat' dir='ltr'><strong>ceterorum</strong></span> <span class='ocrx_word' id='word_1_62' title='bbox 1279 979 1331 1038; x_wconf 77' lang='lat' dir='ltr'><strong>pe</strong></span> 
     </span>
     <span class='ocr_line' id='line_1_8' title="bbox 261 1049 1331 1131; baseline 0 -23"><span class='ocrx_word' id='word_1_63' title='bbox 261 1049 387 1108; x_wconf 89' lang='lat' dir='ltr'><strong>ritissimi</strong></span> <span class='ocrx_word' id='word_1_64' title='bbox 400 1051 654 1129; x_wconf 65' lang='lat' dir='ltr'><strong>erantquaesisset,</strong></span> <span class='ocrx_word' id='word_1_65' title='bbox 668 1064 820 1131; x_wconf 87' lang='lat' dir='ltr'><strong>expertum</strong></span> <span class='ocrx_word' id='word_1_66' title='bbox 831 1071 862 1111; x_wconf 89' lang='lat' dir='ltr'><strong>se</strong></span> <span class='ocrx_word' id='word_1_67' title='bbox 871 1071 932 1110; x_wconf 87' lang='lat' dir='ltr'><strong>esse</strong></span> <span class='ocrx_word' id='word_1_68' title='bbox 945 1049 1059 1109; x_wconf 88' lang='lat' dir='ltr'><strong>dicebat</strong></span> <span class='ocrx_word' id='word_1_69' title='bbox 1071 1069 1167 1128; x_wconf 93' lang='lat' dir='ltr'><strong>neque</strong></span> <span class='ocrx_word' id='word_1_70' title='bbox 1176 1069 1209 1109; x_wconf 90' lang='lat' dir='ltr'><strong>se</strong></span> <span class='ocrx_word' id='word_1_71' title='bbox 1219 1051 1331 1129; x_wconf 85' lang='lat' dir='ltr'><strong>ipsum,</strong></span> 
     </span>
     <span class='ocr_line' id='line_1_9' title="bbox 259 1141 1330 1222; baseline -0.002 -21"><span class='ocrx_word' id='word_1_72' title='bbox 259 1162 355 1220; x_wconf 85' lang='lat' dir='ltr'><strong>neque</strong></span> <span class='ocrx_word' id='word_1_73' title='bbox 368 1143 455 1202; x_wconf 91' lang='lat' dir='ltr'><strong>alium</strong></span> <span class='ocrx_word' id='word_1_74' title='bbox 467 1147 634 1202; x_wconf 76' lang='lat' dir='ltr'><strong>Graecorum</strong></span> <span class='ocrx_word' id='word_1_75' title='bbox 645 1163 819 1222; x_wconf 88' lang='lat' dir='ltr'><strong>quemquam</strong></span> <span class='ocrx_word' id='word_1_76' title='bbox 832 1143 1025 1222; x_wconf 80' lang='lat' dir='ltr'><strong>coguitionem</strong></span> <span class='ocrx_word' id='word_1_77' title='bbox 1038 1141 1218 1220; x_wconf 73' lang='lat' dir='ltr'><strong>antiquitatis</strong></span> <span class='ocrx_word' id='word_1_78' title='bbox 1237 1142 1330 1200; x_wconf 79' lang='lat' dir='ltr'><strong>ullam</strong></span> 
     </span>
     <span class='ocr_line' id='line_1_10' title="bbox 260 1232 1331 1313; baseline -0.001 -21"><span class='ocrx_word' id='word_1_79' title='bbox 260 1232 369 1292; x_wconf 91' lang='lat' dir='ltr'><strong>babere</strong></span> <span class='ocrx_word' id='word_1_80' title='bbox 381 1255 388 1291; x_wconf 90' lang='lat'>:</span> <span class='ocrx_word' id='word_1_81' title='bbox 400 1234 576 1313; x_wconf 80' lang='lat' dir='ltr'><strong>quandoque</strong></span> <span class='ocrx_word' id='word_1_82' title='bbox 588 1254 658 1294; x_wconf 84' lang='lat' dir='ltr'><strong>vero</strong></span> <span class='ocrx_word' id='word_1_83' title='bbox 678 1254 776 1294; x_wconf 90' lang='lat' dir='ltr'><strong>coram</strong></span> <span class='ocrx_word' id='word_1_84' title='bbox 791 1233 1005 1308; x_wconf 86' lang='lat' dir='ltr'><strong>sacerdotibus,</strong></span> <span class='ocrx_word' id='word_1_85' title='bbox 1021 1247 1055 1292; x_wconf 90' lang='lat' dir='ltr'><strong>ut</strong></span> <span class='ocrx_word' id='word_1_86' title='bbox 1067 1253 1117 1293; x_wconf 88' lang='lat' dir='ltr'><strong>eos</strong></span> <span class='ocrx_word' id='word_1_87' title='bbox 1133 1232 1240 1292; x_wconf 76' lang='lat' dir='ltr'><strong>adsue</strong></span> <span class='ocrx_word' id='word_1_88' title='bbox 1255 1253 1331 1291; x_wconf 86' lang='lat' dir='ltr'><strong>uar-</strong></span> 
     </span>
    </p>
   </div>
   <div class='ocr_carea' id='block_1_3' title="bbox 255 1415 1328 4175">
    <p class='ocr_par' dir='ltr' id='par_1_3' title="bbox 255 1415 1328 4175">
     <span class='ocr_line' id='line_1_11' title="bbox 260 1415 1328 1499; baseline -0.004 -21"><span class='ocrx_word' id='word_1_89' title='bbox 260 1417 381 1491; x_wconf 88' lang='lat' dir='ltr'><strong>lecisse,</strong></span> <span class='ocrx_word' id='word_1_90' title='bbox 398 1418 552 1478; x_wconf 88' lang='lat' dir='ltr'><strong>Phoroneo</strong></span> <span class='ocrx_word' id='word_1_91' title='bbox 565 1420 661 1498; x_wconf 90' lang='lat' dir='ltr'><strong>primo</strong></span> <span class='ocrx_word' id='word_1_92' title='bbox 677 1432 707 1478; x_wconf 89' lang='lat' dir='ltr'><strong>ct</strong></span> <span class='ocrx_word' id='word_1_93' title='bbox 719 1419 830 1493; x_wconf 84' lang='lat' dir='ltr'><strong>Niobe,</strong></span> <span class='ocrx_word' id='word_1_94' title='bbox 848 1433 973 1499; x_wconf 79' lang='lat' dir='ltr'><strong>postque</strong></span> <span class='ocrx_word' id='word_1_95' title='bbox 988 1415 1209 1478; x_wconf 89' lang='lat' dir='ltr'><strong>inundationem</strong></span> <span class='ocrx_word' id='word_1_96' title='bbox 1222 1417 1328 1476; x_wconf 89' lang='lat' dir='ltr'><strong>mundi</strong></span> 
     </span>
     <span class='ocr_line' id='line_1_12' title="bbox 260 1508 1327 1592; baseline -0.003 -22"><span class='ocrx_word' id='word_1_97' title='bbox 260 1509 297 1570; x_wconf 94' lang='lat' dir='ltr'><strong>de</strong></span> <span class='ocrx_word' id='word_1_98' title='bbox 310 1512 421 1588; x_wconf 86' lang='lat' dir='ltr'><strong>Pyrrha</strong></span> <span class='ocrx_word' id='word_1_99' title='bbox 434 1524 463 1570; x_wconf 92' lang='lat' dir='ltr'><strong>et</strong></span> <span class='ocrx_word' id='word_1_100' title='bbox 475 1513 653 1572; x_wconf 81' lang='lat' dir='ltr'><strong>Deucalione</strong></span> <span class='ocrx_word' id='word_1_101' title='bbox 665 1531 825 1592; x_wconf 88' lang='lat' dir='ltr'><strong>eorumque</strong></span> <span class='ocrx_word' id='word_1_102' title='bbox 838 1513 1024 1591; x_wconf 74' lang='lat' dir='ltr'><strong>posteritate,</strong></span> <span class='ocrx_word' id='word_1_103' title='bbox 1035 1524 1065 1569; x_wconf 89' lang='lat' dir='ltr'><strong>et</strong></span> <span class='ocrx_word' id='word_1_104' title='bbox 1076 1509 1113 1567; x_wconf 94' lang='lat' dir='ltr'><strong>de</strong></span> <span class='ocrx_word' id='word_1_105' title='bbox 1126 1508 1327 1588; x_wconf 79' lang='lat' dir='ltr'><strong>temporibus,</strong></span> 
     </span>
     <span class='ocr_line' id='line_1_13' title="bbox 259 1599 1327 1682; baseline -0.002 -22"><span class='ocrx_word' id='word_1_106' title='bbox 259 1601 364 1679; x_wconf 91' lang='lat' dir='ltr'><strong>quibus</strong></span> <span class='ocrx_word' id='word_1_107' title='bbox 380 1603 492 1682; x_wconf 84' lang='lat' dir='ltr'><strong>singula</strong></span> <span class='ocrx_word' id='word_1_108' title='bbox 505 1605 704 1682; x_wconf 78' lang='lat' dir='ltr'><strong>contigerunt:</strong></span> <span class='ocrx_word' id='word_1_109' title='bbox 720 1617 788 1664; x_wconf 88' lang='lat' dir='ltr'><strong>tunc</strong></span> <span class='ocrx_word' id='word_1_110' title='bbox 802 1625 838 1664; x_wconf 84' lang='lat' dir='ltr'><strong>ex</strong></span> <span class='ocrx_word' id='word_1_111' title='bbox 850 1603 1050 1665; x_wconf 84' lang='lat' dir='ltr'><strong>sacerdotibus</strong></span> <span class='ocrx_word' id='word_1_112' title='bbox 1064 1599 1221 1680; x_wconf 81' lang='lat' dir='ltr'><strong>quemdam</strong></span> <span class='ocrx_word' id='word_1_113' title='bbox 1235 1621 1327 1680; x_wconf 65' lang='lat' dir='ltr'><strong>gram</strong></span> 
     </span>
     <span class='ocr_line' id='line_1_14' title="bbox 260 1691 1325 1775; baseline 0.002 -24"><span class='ocrx_word' id='word_1_114' title='bbox 260 1691 328 1752; x_wconf 92' lang='lat' dir='ltr'><strong>dem</strong></span> <span class='ocrx_word' id='word_1_115' title='bbox 349 1707 418 1754; x_wconf 88' lang='lat' dir='ltr'><strong>natu</strong></span> <span class='ocrx_word' id='word_1_116' title='bbox 437 1694 564 1756; x_wconf 76' lang='lat' dir='ltr'><strong>dixisse:</strong></span> <span class='ocrx_word' id='word_1_117' title='bbox 587 1697 735 1770; x_wconf 90' lang='lat' dir='ltr'><strong>OSolou,</strong></span> <span class='ocrx_word' id='word_1_118' title='bbox 756 1698 863 1771; x_wconf 88' lang='lat' dir='ltr'><strong>Solon,</strong></span> <span class='ocrx_word' id='word_1_119' title='bbox 885 1697 980 1756; x_wconf 80' lang='lat' dir='ltr'><strong>Graeci</strong></span> <span class='ocrx_word' id='word_1_120' title='bbox 997 1695 1083 1775; x_wconf 89' lang='lat' dir='ltr'><strong>pueri</strong></span> <span class='ocrx_word' id='word_1_121' title='bbox 1102 1713 1221 1772; x_wconf 82' lang='lat' dir='ltr'><strong>semper</strong></span> <span class='ocrx_word' id='word_1_122' title='bbox 1238 1695 1325 1764; x_wconf 84' lang='lat' dir='ltr'><strong>estis,</strong></span> 
     </span>
     <span class='ocr_line' id='line_1_15' title="bbox 256 1787 1326 1868; baseline 0.003 -26"><span class='ocrx_word' id='word_1_123' title='bbox 256 1805 311 1844; x_wconf 86' lang='lat' dir='ltr'><strong>nec</strong></span> <span class='ocrx_word' id='word_1_124' title='bbox 326 1787 507 1866; x_wconf 89' lang='lat' dir='ltr'><strong>quisquame</strong></span> <span class='ocrx_word' id='word_1_125' title='bbox 522 1789 635 1848; x_wconf 71' lang='lat' dir='ltr'><strong>Graecia</strong></span> <span class='ocrx_word' id='word_1_126' title='bbox 648 1809 743 1848; x_wconf 82' lang='lat' dir='ltr'><strong>senex.</strong></span> <span class='ocrx_word' id='word_1_127' title='bbox 759 1793 820 1849; x_wconf 87' lang='lat' dir='ltr'><strong>Cur</strong></span> <span class='ocrx_word' id='word_1_128' title='bbox 835 1787 914 1848; x_wconf 89' lang='lat' dir='ltr'><strong>istud</strong></span> <span class='ocrx_word' id='word_1_129' title='bbox 928 1789 1051 1862; x_wconf 89' lang='lat' dir='ltr'><strong>diceret,</strong></span> <span class='ocrx_word' id='word_1_130' title='bbox 1066 1799 1259 1868; x_wconf 78' lang='lat' dir='ltr'><strong>percontante</strong></span> <span class='ocrx_word' id='word_1_131' title='bbox 1272 1789 1326 1845; x_wconf 87' lang='lat' dir='ltr'><strong>Su-</strong></span> 
     </span>
     <span class='ocr_line' id='line_1_16' title="bbox 257 1877 1324 1960; baseline 0.002 -26"><span class='ocrx_word' id='word_1_132' title='bbox 257 1877 340 1952; x_wconf 88' lang='lat' dir='ltr'><strong>lone,</strong></span> <span class='ocrx_word' id='word_1_133' title='bbox 360 1877 542 1958; x_wconf 87' lang='lat' dir='ltr'><strong>respondisse</strong></span> <span class='ocrx_word' id='word_1_134' title='bbox 553 1881 731 1940; x_wconf 81' lang='lat' dir='ltr'><strong>sacerdotem</strong></span> <span class='ocrx_word' id='word_1_135' title='bbox 743 1903 750 1938; x_wconf 93' lang='lat'>:</span> <span class='ocrx_word' id='word_1_136' title='bbox 765 1881 841 1956; x_wconf 90' lang='lat' dir='ltr'><strong>Quia</strong></span> <span class='ocrx_word' id='word_1_137' title='bbox 849 1882 965 1960; x_wconf 81' lang='lat' dir='ltr'><strong>juvenis</strong></span> <span class='ocrx_word' id='word_1_138' title='bbox 981 1899 1096 1960; x_wconf 87' lang='lat' dir='ltr'><strong>semper</strong></span> <span class='ocrx_word' id='word_1_139' title='bbox 1104 1879 1190 1940; x_wconf 83' lang='lat' dir='ltr'><strong>vobis</strong></span> <span class='ocrx_word' id='word_1_140' title='bbox 1201 1891 1246 1938; x_wconf 78' lang='lat' dir='ltr'><strong>est</strong></span> <span class='ocrx_word' id='word_1_141' title='bbox 1259 1879 1324 1936; x_wconf 85' lang='lat' dir='ltr'><strong>ani·</strong></span> 
     </span>
     <span class='ocr_line' id='line_1_17' title="bbox 259 1969 1323 2052; baseline 0.001 -25"><span class='ocrx_word' id='word_1_142' title='bbox 259 1987 337 2043; x_wconf 89' lang='lat' dir='ltr'><strong>mus,</strong></span> <span class='ocrx_word' id='word_1_143' title='bbox 356 1969 461 2050; x_wconf 89' lang='lat' dir='ltr'><strong>inquo</strong></span> <span class='ocrx_word' id='word_1_144' title='bbox 480 1972 559 2031; x_wconf 85' lang='lat' dir='ltr'><strong>nulla</strong></span> <span class='ocrx_word' id='word_1_145' title='bbox 579 1986 623 2031; x_wconf 88' lang='lat' dir='ltr'><strong>est</strong></span> <span class='ocrx_word' id='word_1_146' title='bbox 640 1993 675 2032; x_wconf 84' lang='lat' dir='ltr'><strong>ex</strong></span> <span class='ocrx_word' id='word_1_147' title='bbox 688 1974 839 2032; x_wconf 80' lang='lat' dir='ltr'><strong>vetustatis</strong></span> <span class='ocrx_word' id='word_1_148' title='bbox 859 1971 1134 2032; x_wconf 83' lang='lat' dir='ltr'><strong>commemoratione</strong></span> <span class='ocrx_word' id='word_1_149' title='bbox 1147 1973 1245 2052; x_wconf 87' lang='lat' dir='ltr'><strong>prisca</strong></span> <span class='ocrx_word' id='word_1_150' title='bbox 1256 1970 1323 2048; x_wconf 88' lang='lat' dir='ltr'><strong>opi·</strong></span> 
     </span>
     <span class='ocr_line' id='line_1_18' title="bbox 257 2063 1323 2144; baseline 0.005 -26"><span class='ocrx_word' id='word_1_151' title='bbox 257 2063 325 2136; x_wconf 93' lang='lat' dir='ltr'><strong>nio,</strong></span> <span class='ocrx_word' id='word_1_152' title='bbox 339 2063 418 2122; x_wconf 89' lang='lat' dir='ltr'><strong>nulla</strong></span> <span class='ocrx_word' id='word_1_153' title='bbox 435 2083 507 2124; x_wconf 88' lang='lat' dir='ltr'><strong>cana</strong></span> <span class='ocrx_word' id='word_1_154' title='bbox 525 2065 663 2124; x_wconf 90' lang='lat' dir='ltr'><strong>scientia:</strong></span> <span class='ocrx_word' id='word_1_155' title='bbox 677 2065 756 2144; x_wconf 91' lang='lat' dir='ltr'><strong>quod</strong></span> <span class='ocrx_word' id='word_1_156' title='bbox 774 2065 840 2124; x_wconf 91' lang='lat' dir='ltr'><strong>ideo</strong></span> <span class='ocrx_word' id='word_1_157' title='bbox 858 2065 943 2125; x_wconf 87' lang='lat' dir='ltr'><strong>vobis</strong></span> <span class='ocrx_word' id='word_1_158' title='bbox 956 2065 1090 2144; x_wconf 79' lang='lat' dir='ltr'><strong>contigit,</strong></span> <span class='ocrx_word' id='word_1_159' title='bbox 1105 2065 1175 2142; x_wconf 86' lang='lat' dir='ltr'><strong>quia</strong></span> <span class='ocrx_word' id='word_1_160' title='bbox 1188 2065 1281 2122; x_wconf 88' lang='lat' dir='ltr'><strong>multa</strong></span> <span class='ocrx_word' id='word_1_161' title='bbox 1295 2079 1323 2123; x_wconf 86' lang='lat' dir='ltr'><strong>et</strong></span> 
     </span>
     <span class='ocr_line' id='line_1_19' title="bbox 258 2154 1321 2237; baseline 0.004 -27"><span class='ocrx_word' id='word_1_162' title='bbox 258 2155 340 2213; x_wconf 84' lang='lat' dir='ltr'><strong>varia</strong></span> <span class='ocrx_word' id='word_1_163' title='bbox 351 2154 501 2218; x_wconf 90' lang='lat' dir='ltr'><strong>bominum</strong></span> <span class='ocrx_word' id='word_1_164' title='bbox 515 2159 601 2217; x_wconf 82' lang='lat' dir='ltr'><strong>exitia</strong></span> <span class='ocrx_word' id='word_1_165' title='bbox 613 2158 731 2218; x_wconf 87' lang='lat' dir='ltr'><strong>luerunt</strong></span> <span class='ocrx_word' id='word_1_166' title='bbox 744 2173 901 2237; x_wconf 88' lang='lat' dir='ltr'><strong>eruntque:</strong></span> <span class='ocrx_word' id='word_1_167' title='bbox 913 2159 1037 2218; x_wconf 84' lang='lat' dir='ltr'><strong>maxima</strong></span> <span class='ocrx_word' id='word_1_168' title='bbox 1048 2156 1168 2236; x_wconf 89' lang='lat' dir='ltr'><strong>quidem</strong></span> <span class='ocrx_word' id='word_1_169' title='bbox 1184 2167 1236 2215; x_wconf 85' lang='lat' dir='ltr'><strong>aut</strong></span> <span class='ocrx_word' id='word_1_170' title='bbox 1249 2155 1321 2233; x_wconf 80' lang='lat' dir='ltr'><strong>ignis</strong></span> 
     </span>
     <span class='ocr_line' id='line_1_20' title="bbox 257 2247 1319 2330; baseline 0 -26"><span class='ocrx_word' id='word_1_171' title='bbox 257 2247 480 2326; x_wconf 80' lang='lat' dir='ltr'><strong>conflagratione</strong></span> <span class='ocrx_word' id='word_1_172' title='bbox 500 2263 551 2309; x_wconf 86' lang='lat' dir='ltr'><strong>aut</strong></span> <span class='ocrx_word' id='word_1_173' title='bbox 577 2269 658 2328; x_wconf 82' lang='lat' dir='ltr'><strong>aquae</strong></span> <span class='ocrx_word' id='word_1_174' title='bbox 681 2249 919 2310; x_wconf 88' lang='lat' dir='ltr'><strong>inundationibus</strong></span> <span class='ocrx_word' id='word_1_175' title='bbox 944 2249 1100 2330; x_wconf 86' lang='lat' dir='ltr'><strong>provenire</strong></span> <span class='ocrx_word' id='word_1_176' title='bbox 1120 2265 1239 2308; x_wconf 86' lang='lat' dir='ltr'><strong>necesse</strong></span> <span class='ocrx_word' id='word_1_177' title='bbox 1262 2259 1319 2318; x_wconf 79' lang='lat' dir='ltr'><strong>eat,</strong></span> 
     </span>
     <span class='ocr_line' id='line_1_21' title="bbox 257 2337 1321 2419; baseline 0.002 -23"><span class='ocrx_word' id='word_1_178' title='bbox 257 2338 370 2398; x_wconf 89' lang='lat' dir='ltr'><strong>minora</strong></span> <span class='ocrx_word' id='word_1_179' title='bbox 384 2359 454 2400; x_wconf 86' lang='lat' dir='ltr'><strong>vero</strong></span> <span class='ocrx_word' id='word_1_180' title='bbox 469 2341 533 2400; x_wconf 88' lang='lat' dir='ltr'><strong>aliis</strong></span> <span class='ocrx_word' id='word_1_181' title='bbox 552 2339 731 2419; x_wconf 87' lang='lat' dir='ltr'><strong>quibuslibet</strong></span> <span class='ocrx_word' id='word_1_182' title='bbox 746 2342 956 2404; x_wconf 76' lang='lat' dir='ltr'><strong>calamitatibus</strong></span> <span class='ocrx_word' id='word_1_183' title='bbox 976 2343 1051 2402; x_wconf 85' lang='lat' dir='ltr'><strong>lieri:</strong></span> <span class='ocrx_word' id='word_1_184' title='bbox 1064 2362 1131 2401; x_wconf 87' lang='lat' dir='ltr'><strong>nam</strong></span> <span class='ocrx_word' id='word_1_185' title='bbox 1145 2340 1227 2419; x_wconf 92' lang='lat' dir='ltr'><strong>quod</strong></span> <span class='ocrx_word' id='word_1_186' title='bbox 1243 2337 1321 2417; x_wconf 91' lang='lat' dir='ltr'><strong>apud</strong></span> 
     </span>
     <span class='ocr_line' id='line_1_22' title="bbox 258 2431 1320 2513; baseline 0.001 -25"><span class='ocrx_word' id='word_1_187' title='bbox 258 2449 310 2489; x_wconf 88' lang='lat' dir='ltr'><strong>vos</strong></span> <span class='ocrx_word' id='word_1_188' title='bbox 324 2431 430 2506; x_wconf 78' lang='lat' dir='ltr'><strong>lentur,</strong></span> <span class='ocrx_word' id='word_1_189' title='bbox 446 2433 654 2493; x_wconf 86' lang='lat' dir='ltr'><strong>Phaethontem</strong></span> <span class='ocrx_word' id='word_1_190' title='bbox 671 2434 819 2513; x_wconf 87' lang='lat' dir='ltr'><strong>quondam</strong></span> <span class='ocrx_word' id='word_1_191' title='bbox 837 2435 911 2496; x_wconf 90' lang='lat' dir='ltr'><strong>Solis</strong></span> <span class='ocrx_word' id='word_1_192' title='bbox 926 2435 1017 2494; x_wconf 80' lang='lat' dir='ltr'><strong>filium</strong></span> <span class='ocrx_word' id='word_1_193' title='bbox 1035 2453 1140 2492; x_wconf 87' lang='lat' dir='ltr'><strong>currus</strong></span> <span class='ocrx_word' id='word_1_194' title='bbox 1161 2431 1320 2492; x_wconf 82' lang='lat' dir='ltr'><strong>ascendisse</strong></span> 
     </span>
     <span class='ocr_line' id='line_1_23' title="bbox 256 2525 1320 2606; baseline 0 -24"><span class='ocrx_word' id='word_1_195' title='bbox 256 2535 408 2602; x_wconf 86' lang='lat' dir='ltr'><strong>paternos,</strong></span> <span class='ocrx_word' id='word_1_196' title='bbox 421 2547 475 2586; x_wconf 88' lang='lat' dir='ltr'><strong>uec</strong></span> <span class='ocrx_word' id='word_1_197' title='bbox 487 2526 578 2606; x_wconf 88' lang='lat' dir='ltr'><strong>patris</strong></span> <span class='ocrx_word' id='word_1_198' title='bbox 596 2527 774 2605; x_wconf 79' lang='lat' dir='ltr'><strong>aurigatione</strong></span> <span class='ocrx_word' id='word_1_199' title='bbox 786 2541 900 2588; x_wconf 80' lang='lat' dir='ltr'><strong>servata</strong></span> <span class='ocrx_word' id='word_1_200' title='bbox 912 2527 1052 2588; x_wconf 85' lang='lat' dir='ltr'><strong>exussisse</strong></span> <span class='ocrx_word' id='word_1_201' title='bbox 1062 2540 1194 2600; x_wconf 87' lang='lat' dir='ltr'><strong>terrena,</strong></span> <span class='ocrx_word' id='word_1_202' title='bbox 1209 2525 1320 2603; x_wconf 88' lang='lat' dir='ltr'><strong>ipsum-</strong></span> 
     </span>
     <span class='ocr_line' id='line_1_24' title="bbox 257 2616 1319 2699; baseline -0.002 -24"><span class='ocrx_word' id='word_1_203' title='bbox 257 2634 314 2692; x_wconf 88' lang='lat' dir='ltr'><strong>que</strong></span> <span class='ocrx_word' id='word_1_204' title='bbox 328 2617 448 2677; x_wconf 86' lang='lat' dir='ltr'><strong>flammis</strong></span> <span class='ocrx_word' id='word_1_205' title='bbox 466 2618 625 2678; x_wconf 72' lang='lat' dir='ltr'><strong>celestibus</strong></span> <span class='ocrx_word' id='word_1_206' title='bbox 640 2619 845 2699; x_wconf 81' lang='lat' dir='ltr'><strong>conflagrasse,</strong></span> <span class='ocrx_word' id='word_1_207' title='bbox 859 2620 991 2698; x_wconf 79' lang='lat' dir='ltr'><strong>quamvis</strong></span> <span class='ocrx_word' id='word_1_208' title='bbox 1002 2618 1168 2679; x_wconf 84' lang='lat' dir='ltr'><strong>fabulosum</strong></span> <span class='ocrx_word' id='word_1_209' title='bbox 1178 2616 1319 2684; x_wconf 80' lang='lat' dir='ltr'><strong>videatur,</strong></span> 
     </span>
     <span class='ocr_line' id='line_1_25' title="bbox 255 2710 1318 2791; baseline -0.001 -24"><span class='ocrx_word' id='word_1_210' title='bbox 255 2727 355 2770; x_wconf 85' lang='lat' dir='ltr'><strong>verum</strong></span> <span class='ocrx_word' id='word_1_211' title='bbox 366 2710 581 2788; x_wconf 88' lang='lat' dir='ltr'><strong>quodammodo</strong></span> <span class='ocrx_word' id='word_1_212' title='bbox 594 2731 655 2771; x_wconf 88' lang='lat' dir='ltr'><strong>esse</strong></span> <span class='ocrx_word' id='word_1_213' title='bbox 665 2713 826 2791; x_wconf 88' lang='lat' dir='ltr'><strong>putandum</strong></span> <span class='ocrx_word' id='word_1_214' title='bbox 840 2726 901 2772; x_wconf 90' lang='lat' dir='ltr'><strong>est:</strong></span> <span class='ocrx_word' id='word_1_215' title='bbox 917 2713 949 2771; x_wconf 90' lang='lat' dir='ltr'><strong>lit</strong></span> <span class='ocrx_word' id='word_1_216' title='bbox 963 2712 1039 2770; x_wconf 87' lang='lat' dir='ltr'><strong>euim</strong></span> <span class='ocrx_word' id='word_1_217' title='bbox 1056 2711 1144 2788; x_wconf 83' lang='lat' dir='ltr'><strong>longo</strong></span> <span class='ocrx_word' id='word_1_218' title='bbox 1157 2723 1318 2788; x_wconf 84' lang='lat' dir='ltr'><strong>temporum</strong></span> 
     </span>
     <span class='ocr_line' id='line_1_26' title="bbox 256 2800 1319 2884; baseline -0.001 -25"><span class='ocrx_word' id='word_1_219' title='bbox 256 2800 409 2863; x_wconf 87' lang='lat' dir='ltr'><strong>intervallo</strong></span> <span class='ocrx_word' id='word_1_220' title='bbox 425 2805 543 2865; x_wconf 81' lang='lat' dir='ltr'><strong>caelestis</strong></span> <span class='ocrx_word' id='word_1_221' title='bbox 557 2806 693 2864; x_wconf 90' lang='lat' dir='ltr'><strong>circuitus</strong></span> <span class='ocrx_word' id='word_1_222' title='bbox 707 2807 882 2884; x_wconf 86' lang='lat' dir='ltr'><strong>permutatio</strong></span> <span class='ocrx_word' id='word_1_223' title='bbox 895 2805 1042 2883; x_wconf 78' lang='lat' dir='ltr'><strong>quaedam,</strong></span> <span class='ocrx_word' id='word_1_224' title='bbox 1057 2803 1147 2881; x_wconf 81' lang='lat' dir='ltr'><strong>quam</strong></span> <span class='ocrx_word' id='word_1_225' title='bbox 1160 2801 1319 2860; x_wconf 84' lang='lat' dir='ltr'><strong>inflamma-</strong></span> 
     </span>
     <span class='ocr_line' id='line_1_27' title="bbox 257 2891 1319 2976; baseline -0.002 -24"><span class='ocrx_word' id='word_1_226' title='bbox 257 2895 343 2955; x_wconf 85' lang='lat' dir='ltr'><strong>tionis</strong></span> <span class='ocrx_word' id='word_1_227' title='bbox 356 2897 473 2958; x_wconf 85' lang='lat' dir='ltr'><strong>vastitas</strong></span> <span class='ocrx_word' id='word_1_228' title='bbox 487 2898 648 2957; x_wconf 88' lang='lat' dir='ltr'><strong>necessario</strong></span> <span class='ocrx_word' id='word_1_229' title='bbox 661 2899 807 2976; x_wconf 86' lang='lat' dir='ltr'><strong>sequitur:</strong></span> <span class='ocrx_word' id='word_1_230' title='bbox 823 2911 892 2956; x_wconf 90' lang='lat' dir='ltr'><strong>tunc</strong></span> <span class='ocrx_word' id='word_1_231' title='bbox 908 2898 953 2971; x_wconf 86' lang='lat' dir='ltr'><strong>bi,</strong></span> <span class='ocrx_word' id='word_1_232' title='bbox 971 2897 1021 2976; x_wconf 92' lang='lat' dir='ltr'><strong>qui</strong></span> <span class='ocrx_word' id='word_1_233' title='bbox 1035 2896 1113 2955; x_wconf 86' lang='lat' dir='ltr'><strong>edita</strong></span> <span class='ocrx_word' id='word_1_234' title='bbox 1128 2907 1159 2955; x_wconf 90' lang='lat' dir='ltr'><strong>et</strong></span> <span class='ocrx_word' id='word_1_235' title='bbox 1176 2891 1260 2952; x_wconf 84' lang='lat' dir='ltr'><strong>arida</strong></span> <span class='ocrx_word' id='word_1_236' title='bbox 1279 2893 1319 2950; x_wconf 85' lang='lat' dir='ltr'><strong>in-</strong></span> 
     </span>
     <span class='ocr_line' id='line_1_28' title="bbox 258 2983 1317 3068; baseline -0.003 -23"><span class='ocrx_word' id='word_1_237' title='bbox 258 2987 359 3046; x_wconf 87' lang='lat' dir='ltr'><strong>colunt</strong></span> <span class='ocrx_word' id='word_1_238' title='bbox 381 2991 460 3063; x_wconf 90' lang='lat' dir='ltr'><strong>loca,</strong></span> <span class='ocrx_word' id='word_1_239' title='bbox 477 2991 568 3068; x_wconf 80' lang='lat' dir='ltr'><strong>magis</strong></span> <span class='ocrx_word' id='word_1_240' title='bbox 587 3003 711 3067; x_wconf 92' lang='lat' dir='ltr'><strong>pereunt</strong></span> <span class='ocrx_word' id='word_1_241' title='bbox 730 3009 817 3068; x_wconf 89' lang='lat' dir='ltr'><strong>quam</strong></span> <span class='ocrx_word' id='word_1_242' title='bbox 836 2990 909 3050; x_wconf 83' lang='lat' dir='ltr'><strong>mari</strong></span> <span class='ocrx_word' id='word_1_243' title='bbox 931 2989 1083 3067; x_wconf 84' lang='lat' dir='ltr'><strong>fluviisque</strong></span> <span class='ocrx_word' id='word_1_244' title='bbox 1102 2987 1214 3046; x_wconf 84' lang='lat' dir='ltr'><strong>vicini:</strong></span> <span class='ocrx_word' id='word_1_245' title='bbox 1237 2983 1317 3044; x_wconf 88' lang='lat' dir='ltr'><strong>nobis</strong></span> 
     </span>
     <span class='ocr_line' id='line_1_29' title="bbox 257 3077 1317 3161; baseline -0.001 -23"><span class='ocrx_word' id='word_1_246' title='bbox 257 3098 347 3157; x_wconf 88' lang='lat' dir='ltr'><strong>porro</strong></span> <span class='ocrx_word' id='word_1_247' title='bbox 359 3081 441 3142; x_wconf 84' lang='lat' dir='ltr'><strong>Nilus</strong></span> <span class='ocrx_word' id='word_1_248' title='bbox 455 3101 545 3160; x_wconf 92' lang='lat' dir='ltr'><strong>quum</strong></span> <span class='ocrx_word' id='word_1_249' title='bbox 559 3082 589 3140; x_wconf 90' lang='lat' dir='ltr'><strong>in</strong></span> <span class='ocrx_word' id='word_1_250' title='bbox 601 3083 747 3161; x_wconf 89' lang='lat' dir='ltr'><strong>plerisque</strong></span> <span class='ocrx_word' id='word_1_251' title='bbox 762 3081 852 3142; x_wconf 85' lang='lat' dir='ltr'><strong>rebus</strong></span> <span class='ocrx_word' id='word_1_252' title='bbox 862 3082 994 3142; x_wconf 88' lang='lat' dir='ltr'><strong>salutaris</strong></span> <span class='ocrx_word' id='word_1_253' title='bbox 1009 3093 1066 3154; x_wconf 90' lang='lat' dir='ltr'><strong>est,</strong></span> <span class='ocrx_word' id='word_1_254' title='bbox 1078 3093 1140 3139; x_wconf 92' lang='lat' dir='ltr'><strong>tum</strong></span> <span class='ocrx_word' id='word_1_255' title='bbox 1155 3077 1317 3157; x_wconf 87' lang='lat' dir='ltr'><strong>hujusmodi</strong></span> 
     </span>
     <span class='ocr_line' id='line_1_30' title="bbox 256 3171 1316 3253; baseline 0 -24"><span class='ocrx_word' id='word_1_256' title='bbox 256 3191 274 3230; x_wconf 88' lang='lat' dir='ltr'><strong>a</strong></span> <span class='ocrx_word' id='word_1_257' title='bbox 286 3171 370 3232; x_wconf 87' lang='lat' dir='ltr'><strong>nobis</strong></span> <span class='ocrx_word' id='word_1_258' title='bbox 385 3186 464 3233; x_wconf 90' lang='lat' dir='ltr'><strong>arcet</strong></span> <span class='ocrx_word' id='word_1_259' title='bbox 480 3175 618 3234; x_wconf 81' lang='lat' dir='ltr'><strong>exitium:</strong></span> <span class='ocrx_word' id='word_1_260' title='bbox 635 3173 753 3253; x_wconf 88' lang='lat' dir='ltr'><strong>quando</strong></span> <span class='ocrx_word' id='word_1_261' title='bbox 765 3195 835 3234; x_wconf 85' lang='lat' dir='ltr'><strong>vero</strong></span> <span class='ocrx_word' id='word_1_262' title='bbox 846 3176 894 3234; x_wconf 87' lang='lat' dir='ltr'><strong>Dii</strong></span> <span class='ocrx_word' id='word_1_263' title='bbox 906 3194 1046 3253; x_wconf 88' lang='lat' dir='ltr'><strong>aquarum</strong></span> <span class='ocrx_word' id='word_1_264' title='bbox 1057 3171 1226 3231; x_wconf 81' lang='lat' dir='ltr'><strong>colluvione</strong></span> <span class='ocrx_word' id='word_1_265' title='bbox 1237 3184 1316 3230; x_wconf 74' lang='lat' dir='ltr'><strong>terre</strong></span> 
     </span>
     <span class='ocr_line' id='line_1_31' title="bbox 258 3262 1315 3346; baseline -0.006 -22"><span class='ocrx_word' id='word_1_266' title='bbox 258 3265 358 3324; x_wconf 85' lang='lat' dir='ltr'><strong>sordes</strong></span> <span class='ocrx_word' id='word_1_267' title='bbox 375 3264 505 3340; x_wconf 91' lang='lat' dir='ltr'><strong>diluunt,</strong></span> <span class='ocrx_word' id='word_1_268' title='bbox 518 3281 647 3346; x_wconf 86' lang='lat' dir='ltr'><strong>pastores</strong></span> <span class='ocrx_word' id='word_1_269' title='bbox 665 3269 764 3326; x_wconf 87' lang='lat' dir='ltr'><strong>ovium</strong></span> <span class='ocrx_word' id='word_1_270' title='bbox 778 3279 864 3345; x_wconf 89' lang='lat' dir='ltr'><strong>atque</strong></span> <span class='ocrx_word' id='word_1_271' title='bbox 880 3265 1013 3338; x_wconf 81' lang='lat' dir='ltr'><strong>bubulci,</strong></span> <span class='ocrx_word' id='word_1_272' title='bbox 1029 3264 1080 3344; x_wconf 91' lang='lat' dir='ltr'><strong>qui</strong></span> <span class='ocrx_word' id='word_1_273' title='bbox 1090 3263 1162 3342; x_wconf 83' lang='lat' dir='ltr'><strong>juga</strong></span> <span class='ocrx_word' id='word_1_274' title='bbox 1177 3262 1315 3322; x_wconf 88' lang='lat' dir='ltr'><strong>montium</strong></span> 
     </span>
     <span class='ocr_line' id='line_1_32' title="bbox 258 3353 1315 3438; baseline -0.003 -25"><span class='ocrx_word' id='word_1_275' title='bbox 258 3353 403 3430; x_wconf 81' lang='lat' dir='ltr'><strong>habitant,</strong></span> <span class='ocrx_word' id='word_1_276' title='bbox 425 3360 586 3438; x_wconf 87' lang='lat' dir='ltr'><strong>periculum</strong></span> <span class='ocrx_word' id='word_1_277' title='bbox 606 3359 678 3418; x_wconf 93' lang='lat' dir='ltr'><strong>illud</strong></span> <span class='ocrx_word' id='word_1_278' title='bbox 705 3359 856 3419; x_wconf 84' lang='lat' dir='ltr'><strong>evadunt:</strong></span> <span class='ocrx_word' id='word_1_279' title='bbox 876 3372 978 3418; x_wconf 81' lang='lat' dir='ltr'><strong>vestrae</strong></span> <span class='ocrx_word' id='word_1_280' title='bbox 1001 3370 1098 3419; x_wconf 84' lang='lat' dir='ltr'><strong>autem</strong></span> <span class='ocrx_word' id='word_1_281' title='bbox 1120 3357 1270 3427; x_wconf 81' lang='lat' dir='ltr'><strong>civitates,</strong></span> <span class='ocrx_word' id='word_1_282' title='bbox 1288 3355 1315 3412; x_wconf 91' lang='lat' dir='ltr'><strong>in</strong></span> 
     </span>
     <span class='ocr_line' id='line_1_33' title="bbox 259 3445 1315 3531; baseline -0.002 -27"><span class='ocrx_word' id='word_1_283' title='bbox 259 3448 377 3524; x_wconf 87' lang='lat' dir='ltr'><strong>planitie</strong></span> <span class='ocrx_word' id='word_1_284' title='bbox 396 3452 473 3522; x_wconf 77' lang='lat' dir='ltr'><strong>sitae,</strong></span> <span class='ocrx_word' id='word_1_285' title='bbox 489 3453 599 3531; x_wconf 88' lang='lat' dir='ltr'><strong>impetu</strong></span> <span class='ocrx_word' id='word_1_286' title='bbox 620 3451 771 3511; x_wconf 88' lang='lat' dir='ltr'><strong>fluminum</strong></span> <span class='ocrx_word' id='word_1_287' title='bbox 789 3452 827 3511; x_wconf 91' lang='lat' dir='ltr'><strong>ad</strong></span> <span class='ocrx_word' id='word_1_288' title='bbox 843 3451 933 3510; x_wconf 87' lang='lat' dir='ltr'><strong>maria</strong></span> <span class='ocrx_word' id='word_1_289' title='bbox 951 3449 1123 3528; x_wconf 87' lang='lat' dir='ltr'><strong>rapiuntur:</strong></span> <span class='ocrx_word' id='word_1_290' title='bbox 1144 3445 1198 3506; x_wconf 92' lang='lat' dir='ltr'><strong>sed</strong></span> <span class='ocrx_word' id='word_1_291' title='bbox 1216 3448 1247 3504; x_wconf 92' lang='lat' dir='ltr'><strong>in</strong></span> <span class='ocrx_word' id='word_1_292' title='bbox 1266 3445 1315 3504; x_wconf 83' lang='lat' dir='ltr'><strong>bac</strong></span> 
     </span>
     <span class='ocr_line' id='line_1_34' title="bbox 258 3540 1316 3622; baseline -0.003 -25"><span class='ocrx_word' id='word_1_293' title='bbox 258 3553 357 3599; x_wconf 88' lang='lat' dir='ltr'><strong>nostra</strong></span> <span class='ocrx_word' id='word_1_294' title='bbox 368 3545 483 3620; x_wconf 82' lang='lat' dir='ltr'><strong>regione</strong></span> <span class='ocrx_word' id='word_1_295' title='bbox 488 3564 582 3622; x_wconf 90' lang='lat' dir='ltr'><strong>neque</strong></span> <span class='ocrx_word' id='word_1_296' title='bbox 588 3558 657 3603; x_wconf 89' lang='lat' dir='ltr'><strong>tunc</strong></span> <span class='ocrx_word' id='word_1_297' title='bbox 662 3563 756 3622; x_wconf 89' lang='lat' dir='ltr'><strong>neque</strong></span> <span class='ocrx_word' id='word_1_298' title='bbox 764 3543 832 3602; x_wconf 90' lang='lat' dir='ltr'><strong>alias</strong></span> <span class='ocrx_word' id='word_1_299' title='bbox 838 3563 974 3621; x_wconf 89' lang='lat' dir='ltr'><strong>umquam</strong></span> <span class='ocrx_word' id='word_1_300' title='bbox 982 3540 1093 3618; x_wconf 91' lang='lat' dir='ltr'><strong>aquain</strong></span> <span class='ocrx_word' id='word_1_301' title='bbox 1102 3557 1189 3617; x_wconf 77' lang='lat' dir='ltr'><strong>agros</strong></span> <span class='ocrx_word' id='word_1_302' title='bbox 1195 3557 1316 3617; x_wconf 89' lang='lat' dir='ltr'><strong>superne</strong></span> 
     </span>
     <span class='ocr_line' id='line_1_35' title="bbox 260 3631 1315 3710; baseline -0.001 -21"><span class='ocrx_word' id='word_1_303' title='bbox 260 3631 422 3706; x_wconf 86' lang='lat' dir='ltr'><strong>descendit;</strong></span> <span class='ocrx_word' id='word_1_304' title='bbox 436 3649 537 3695; x_wconf 86' lang='lat' dir='ltr'><strong>contra</strong></span> <span class='ocrx_word' id='word_1_305' title='bbox 553 3655 624 3694; x_wconf 82' lang='lat' dir='ltr'><strong>vero</strong></span> <span class='ocrx_word' id='word_1_306' title='bbox 638 3655 751 3695; x_wconf 88' lang='lat' dir='ltr'><strong>sursum</strong></span> <span class='ocrx_word' id='word_1_307' title='bbox 768 3656 784 3693; x_wconf 89' lang='lat' dir='ltr'><strong>e</strong></span> <span class='ocrx_word' id='word_1_308' title='bbox 805 3647 889 3693; x_wconf 87' lang='lat' dir='ltr'><strong>terrae</strong></span> <span class='ocrx_word' id='word_1_309' title='bbox 899 3632 1058 3694; x_wconf 81' lang='lat' dir='ltr'><strong>visceribus</strong></span> <span class='ocrx_word' id='word_1_310' title='bbox 1066 3631 1203 3690; x_wconf 84' lang='lat' dir='ltr'><strong>scaturit:</strong></span> <span class='ocrx_word' id='word_1_311' title='bbox 1217 3649 1315 3710; x_wconf 89' lang='lat' dir='ltr'><strong>quam·</strong></span> 
     </span>
     <span class='ocr_line' id='line_1_36' title="bbox 258 3722 1314 3806; baseline -0.004 -25"><span class='ocrx_word' id='word_1_312' title='bbox 258 3722 361 3782; x_wconf 89' lang='lat' dir='ltr'><strong>obrem</strong></span> <span class='ocrx_word' id='word_1_313' title='bbox 377 3727 638 3803; x_wconf 87' lang='lat' dir='ltr'><strong>antiquissimarum</strong></span> <span class='ocrx_word' id='word_1_314' title='bbox 660 3747 757 3786; x_wconf 89' lang='lat' dir='ltr'><strong>rerum</strong></span> <span class='ocrx_word' id='word_1_315' title='bbox 777 3725 856 3806; x_wconf 91' lang='lat' dir='ltr'><strong>apud</strong></span> <span class='ocrx_word' id='word_1_316' title='bbox 877 3745 931 3786; x_wconf 87' lang='lat' dir='ltr'><strong>nos</strong></span> <span class='ocrx_word' id='word_1_317' title='bbox 950 3735 1137 3784; x_wconf 83' lang='lat' dir='ltr'><strong>monumenta</strong></span> <span class='ocrx_word' id='word_1_318' title='bbox 1149 3735 1314 3782; x_wconf 82' lang='lat' dir='ltr'><strong>servantur:</strong></span> 
     </span>
     <span class='ocr_line' id='line_1_37' title="bbox 259 3813 1314 3899; baseline -0.002 -25"><span class='ocrx_word' id='word_1_319' title='bbox 259 3814 397 3893; x_wconf 89' lang='lat' dir='ltr'><strong>proinde,</strong></span> <span class='ocrx_word' id='word_1_320' title='bbox 411 3815 586 3896; x_wconf 86' lang='lat' dir='ltr'><strong>ubicumque</strong></span> <span class='ocrx_word' id='word_1_321' title='bbox 599 3838 652 3878; x_wconf 90' lang='lat' dir='ltr'><strong>nec</strong></span> <span class='ocrx_word' id='word_1_322' title='bbox 667 3817 804 3878; x_wconf 90' lang='lat' dir='ltr'><strong>imbrium</strong></span> <span class='ocrx_word' id='word_1_323' title='bbox 819 3831 972 3899; x_wconf 88' lang='lat' dir='ltr'><strong>tempestas</strong></span> <span class='ocrx_word' id='word_1_324' title='bbox 983 3817 1071 3876; x_wconf 88' lang='lat' dir='ltr'><strong>nimia</strong></span> <span class='ocrx_word' id='word_1_325' title='bbox 1086 3834 1141 3874; x_wconf 89' lang='lat' dir='ltr'><strong>nec</strong></span> <span class='ocrx_word' id='word_1_326' title='bbox 1153 3813 1314 3873; x_wconf 86' lang='lat' dir='ltr'><strong>incendium</strong></span> 
     </span>
     <span class='ocr_line' id='line_1_38' title="bbox 259 3907 1314 3992; baseline -0.002 -26"><span class='ocrx_word' id='word_1_327' title='bbox 259 3907 358 3986; x_wconf 81' lang='lat' dir='ltr'><strong>ingens</strong></span> <span class='ocrx_word' id='word_1_328' title='bbox 369 3909 521 3987; x_wconf 78' lang='lat' dir='ltr'><strong>contingit,</strong></span> <span class='ocrx_word' id='word_1_329' title='bbox 535 3909 602 3970; x_wconf 92' lang='lat' dir='ltr'><strong>licet</strong></span> <span class='ocrx_word' id='word_1_330' title='bbox 619 3911 688 3970; x_wconf 89' lang='lat' dir='ltr'><strong>alias</strong></span> <span class='ocrx_word' id='word_1_331' title='bbox 705 3913 871 3992; x_wconf 89' lang='lat' dir='ltr'><strong>pauciores,</strong></span> <span class='ocrx_word' id='word_1_332' title='bbox 893 3911 963 3970; x_wconf 88' lang='lat' dir='ltr'><strong>alias</strong></span> <span class='ocrx_word' id='word_1_333' title='bbox 973 3911 1085 3988; x_wconf 85' lang='lat' dir='ltr'><strong>plures,</strong></span> <span class='ocrx_word' id='word_1_334' title='bbox 1095 3927 1214 3986; x_wconf 85' lang='lat' dir='ltr'><strong>semper</strong></span> <span class='ocrx_word' id='word_1_335' title='bbox 1227 3922 1314 3966; x_wconf 89' lang='lat' dir='ltr'><strong>tamen</strong></span> 
     </span>
     <span class='ocr_line' id='line_1_39' title="bbox 260 3997 1313 4080; baseline 0.001 -25"><span class='ocrx_word' id='word_1_336' title='bbox 260 3997 390 4061; x_wconf 89' lang='lat' dir='ltr'><strong>homiues</strong></span> <span class='ocrx_word' id='word_1_337' title='bbox 404 4014 472 4060; x_wconf 90' lang='lat' dir='ltr'><strong>sunt</strong></span> <span class='ocrx_word' id='word_1_338' title='bbox 485 4023 492 4058; x_wconf 93' lang='lat'><strong>:</strong></span> <span class='ocrx_word' id='word_1_339' title='bbox 509 4021 697 4080; x_wconf 76' lang='lat' dir='ltr'><strong>quaecumque</strong></span> <span class='ocrx_word' id='word_1_340' title='bbox 709 4025 778 4064; x_wconf 81' lang='lat' dir='ltr'><strong>vero</strong></span> <span class='ocrx_word' id='word_1_341' title='bbox 789 4025 806 4064; x_wconf 88' lang='lat' dir='ltr'><strong>a</strong></span> <span class='ocrx_word' id='word_1_342' title='bbox 817 4004 938 4076; x_wconf 88' lang='lat' dir='ltr'><strong>nostris,</strong></span> <span class='ocrx_word' id='word_1_343' title='bbox 950 4004 1008 4062; x_wconf 87' lang='lat' dir='ltr'><strong>sive</strong></span> <span class='ocrx_word' id='word_1_344' title='bbox 1021 4022 1038 4060; x_wconf 88' lang='lat' dir='ltr'><strong>a</strong></span> <span class='ocrx_word' id='word_1_345' title='bbox 1050 4001 1170 4073; x_wconf 83' lang='lat' dir='ltr'><strong>vestris,</strong></span> <span class='ocrx_word' id='word_1_346' title='bbox 1187 4002 1247 4060; x_wconf 89' lang='lat' dir='ltr'><strong>sive</strong></span> <span class='ocrx_word' id='word_1_347' title='bbox 1257 3999 1313 4056; x_wconf 87' lang='lat' dir='ltr'><strong>eliis</strong></span> 
     </span>
     <span class='ocr_line' id='line_1_40' title="bbox 258 4091 1313 4175; baseline 0.001 -28"><span class='ocrx_word' id='word_1_348' title='bbox 258 4091 421 4154; x_wconf 86' lang='lat' dir='ltr'><strong>nationibus</strong></span> <span class='ocrx_word' id='word_1_349' title='bbox 436 4105 516 4173; x_wconf 78' lang='lat' dir='ltr'><strong>gesta</strong></span> <span class='ocrx_word' id='word_1_350' title='bbox 530 4105 598 4152; x_wconf 90' lang='lat' dir='ltr'><strong>sunt</strong></span> <span class='ocrx_word' id='word_1_351' title='bbox 609 4109 769 4156; x_wconf 86' lang='lat' dir='ltr'><strong>memoratu</strong></span> <span class='ocrx_word' id='word_1_352' title='bbox 784 4095 887 4175; x_wconf 82' lang='lat' dir='ltr'><strong>digna,</strong></span> <span class='ocrx_word' id='word_1_353' title='bbox 902 4093 989 4156; x_wconf 89' lang='lat' dir='ltr'><strong>modo</strong></span> <span class='ocrx_word' id='word_1_354' title='bbox 1003 4092 1040 4154; x_wconf 92' lang='lat' dir='ltr'><strong>ad</strong></span> <span class='ocrx_word' id='word_1_355' title='bbox 1054 4111 1139 4153; x_wconf 86' lang='lat' dir='ltr'><strong>aures</strong></span> <span class='ocrx_word' id='word_1_356' title='bbox 1151 4106 1313 4153; x_wconf 74' lang='lat' dir='ltr'><strong>boemorum</strong></span> 
     </span>
    </p>
   </div>
   <div class='ocr_carea' id='block_1_4' title="bbox 0 0 1382 4692">
    <p class='ocr_par' dir='ltr' id='par_1_4' title="bbox 0 0 1382 4692">
     <span class='ocr_line' id='line_1_41' title="bbox 0 0 1382 4692; baseline 0 2"><span class='ocrx_word' id='word_1_357' title='bbox 0 0 1382 4692; x_wconf 95' lang='lat' dir='ltr'><strong> </strong></span> 
     </span>
    </p>
   </div>
  </div>
 </body>
</html>
