2756 4692
254 313 325 402 554
591 319 639 386 Μ.
665 319 703 386 Τ.
730 317 973 387 CICERONIS

252 439 314 518 ejus
328 435 498 496 educatione
512 434 722 516 disciplinaque
738 437 855 516 dignum
871 437 901 494 in
921 434 1000 494 bello
1015 435 1062 494 vel
1081 454 1169 512 pace,
1195 447 1257 494 tam
1272 433 1326 494 di—

236 523 344 588 ¹cendo
360 547 446 607 quam
461 526 592 606 agendo,
611 550 679 608 erga
699 531 829 588 civitates
847 529 972 606 singulas
986 527 1207 586 demonstraret.
1229 529 1326 606 Equi-

253 621 333 692 dem,
350 641 368 680 ο
382 621 471 679 Critia
492 633 521 678 et
536 625 755 693 Hermocrates,
769 622 841 680 mihi
854 621 986 680 conscius
998 641 1157 688 sum„non
1170 640 1258 700 posse
1275 641 1325 678 me

252 732 314 772 eam
328 711 430 770 urbem
445 711 579 789 virosque
593 733 648 792 pro
662 714 799 792 dignitate
813 712 952 772 laudare:
970 733 1016 772 me
1028 713 1148 792 quidem
1159 733 1221 774 non
1232 733 1325 790 posse

253 805 326 864 nihil
342 805 463 878 mirum,
478 805 529 864 sed
540 805 577 864 de
587 807 734 869 veteribus
747 826 865 888 quoque
877 819 907 866 et
918 806 1006 884 hujus
1016 807 1115 866 saeculi
1131 807 1228 885 poetis
1241 805 1325 864 idem

252 897 385 956 existimo
398 919 405 954 ε
417 915 476 954 non
487 916 547 974 quo
561 898 708 976 poeticum
723 919 813 976 genus
824 911 1021 970 contemnam,
1034 897 1085 958 sed
1098 898 1182 976 quod
1199 899 1324 958 evidens

253 985 409 1066 unicuique
426 989 477 1060 sit,
496 989 665 1049 imitationis
681 992 824 1052 studiosos
838 1010 872 1048 ea
886 989 970 1050 facile
983 1002 1012 1072 et
1024 990 1134 1068 optime
1146 989 1277 1058 imitari,
1291 992 1324 1046 in

253 1071 359 1160 ouibus
374 1079 481 1139 fuerint
493 1080 625 1154 educati;
637 1083 813 1166 alienavero
825 1083 967 1164 longeque
982 1080 1018 1144 ab
1029 1101 1131 1140 eorum
1145 1082 1323 1142 educatione

253 1187 365 1232 remota
380 1173 519 1254 operibus
537 1176 655 1254 quidem
675 1175 810 1248 difficile,
836 1175 931 1235 verbis
952 1176 1039 1234 etiam
1054 1173 1202 1234 difficilius
1215 1195 1324 1254 posse,

253 1281 342 1346 prout
354 1268 504 1340 convenit,
521 1268 649 1326 aemulari
664 1268 828 1347 :sophistas
849 1269 948 1346 utique
965 1281 994 1327 et
1015 1267 1133 1329 dicendi
1146 1280 1176 1326 et
1196 1268 1324 1326 aliarum

254 1361 343 1420 ferme
365 1361 646 1439 preclarissimarum
662 1363 768 1422 artium
787 1363 894 1440 peritos
915 1381 977 1420 esse
999 1359 1129 1420 arbitror
1149 1383 1157 1417 :
1176 1359 1230 1418 scd
1252 1361 1324 1437 quia

255 1453 358 1512 multas
366 1453 498 1532 quotidie
509 1455 638 1516 civitates
647 1469 807 1535 pererrant,
815 1475 869 1514 neo
879 1454 1010 1534 proprias
1018 1454 1101 1513 sedes
1113 1453 1187 1514 ullas
1200 1451 1323 1524 babent,

255 1566 359 1604 vereor
378 1565 416 1604 ne
437 1547 603 1626 conjectura
624 1548 742 1626 quidem
764 1549 878 1627 assequi
891 1557 1056 1626 ¹nequeant,
1077 1566 1167 1624 quam
1187 1547 1281 1607 multa
1295 1560 1325 1604 et

254 1639 352 1718 qualia
371 1637 428 1698 viri
443 1639 611 1718 philosophi
632 1654 719 1720 atque
737 1642 854 1714 civiles,
873 1654 930 1698 tam
950 1639 1028 1698 bello
1044 1659 1133 1717 quam
1147 1659 1237 1716 pace,
1254 1659 1322 1716 erga

254 1730 381 1808 singulos
397 1730 491 1790 verbis
507 1746 537 1791 et
549 1732 687 1812 operibus
700 1746 806 1812 agant:
822 1735 885 1792 sola
897 1733 984 1812 igitur
995 1746 1091 1791 vestra
1108 1732 1256 1810 professio
1271 1753 1323 1789 su-

255 1837 367 1902 perest,
383 1836 443 1883 tum
457 1839 571 1900 natura,
585 1838 645 1886 tum
660 1825 811 1904 disciplina
823 1825 1015 1905 philosophiae
1029 1839 1058 1884 et
1068 1844 1167 1884 rerum
1180 1825 1324 1904 gerenda-

255 1935 320 1974 rum
335 1915 432 1976 studio
449 1917 571 1996 pollens.
588 1919 713 1978 Timaeus
729 1918 845 1997 quidem
868 1919 921 1977 iste
935 1938 971 1976 ex
986 1917 1104 1990 Locris,
1118 1935 1185 1994 qnae
1206 1915 1278 1974 urbs
1292 1917 1319 1972 in

255 2008 346 2067 ltalia‘
348 2008 504 2086 justissime
517 2009 706 2088 gubernatur,
720 2011 870 2070 nobilitate
889 2025 918 2068 et
933 2008 1038 2088 opibus
1053 2007 1320 2087 praemunimus,

256 2101 374 2163 summis
383 2102 596 2180 magistratibus
606 2117 636 2162 et
646 2103 808 2162 honoribus
821 2104 936 2162 lunonis
946 2115 1004 2172 est,
1017 2115 1047 2158 et
1059 2101 1098 2160 ad
1110 2119 1224 2158 summa
1235 2101 1320 2158 totius

183 2258 187 2266 ¹
256 2191 447 2272 philosophiae
460 2195 588 2273 fastigia,
611 2209 644 2256 ut
661 2198 776 2276 opinor,
788 2195 925 2254 ascendit.
942 2195 1061 2252 critiam
1081 2213 1201 2271 qunque
1219 2191 1320 2250 sciram

257 2283 319 2342 baec
333 2298 456 2362 utraque
470 2301 689 2367 consequutum.
706 2288 901 2348 Hermocratis
922 2287 1007 2346 etiam
1023 2299 1158 2345 naturam
1173 2284 1319 2343 educatio-

256 2397 379 2456 nemque
394 2377 439 2436 bis
453 2379 607 2452 omnibus,
624 2400 688 2458 quae
710 2381 854 2464 diximus,
874 2378 1031 2440 tractandis
1044 2397 1106 2436 esse
1121 2375 1320 2442 accommoda·

258 2482 314 2530 tam
325 2513 333 2542 ,
345 2491 434 2550 quum
449 2473 547 2530 multis
559 2473 726 2532 testimoniis
740 2493 919 2544 moneamur,
933 2471 1066 2532 dubitare
1080 2470 1237 2528 nonlicet:
1251 2489 1320 2546 qua-

256 2577 379 2641 propter
392 2563 560 2642 rogantibus
572 2564 655 2626 vobis
671 2565 734 2624 heri
747 2569 783 2626 de
797 2564 947 2644 republica
959 2562 1100 2642 disputari
1111 2605 1122 2632 ,
1135 2561 1319 2622 libentissime

258 2657 356 2734 parui,
373 2676 463 2734 quum
481 2658 654 2735 cogitarem,
669 2659 751 2738 quod
769 2658 875 2718 deinde
893 2658 1024 2716 instituto
1040 2655 1124 2733 operi
1141 2654 1317 2732 superlucet,

258 2768 276 2806 a
296 2751 410 2808 nemine
426 2749 606 2832 commodius
620 2771 707 2828 quam
726 2772 743 2810 a
757 2749 857 2820 vobis,
871 2749 958 2808 modo
970 2747 1079 2818 velitis,
1092 2766 1179 2824 posse
1190 2745 1319 2804 tractari:

256 2859 347 2917 quum
363 2842 440 2902 enim
460 2843 604 2901 civitatem
620 2842 655 2902 ad
669 2842 777 2902 bellum
795 2841 928 2900 idoneam
945 2839 1168 2910 constitueritis,
1188 2838 1244 2896 soli
1259 2856 1318 2894 om-

257 2931 336 2992 nium
353 2954 420 3008 vos,
435 2955 576 3012 quaecum
591 2933 709 3006 decent,
726 2936 851 2993 vicissim
867 2934 963 2992 omnia
983 2931 1130 2991 tribuetis:
1148 2951 1240 3008 quum
1254 2949 1318 2986 vero

257 3024 287 3082 iu
308 3027 524 3104 superioribus,
550 3047 615 3105 quae
636 3028 706 3086 mihi
727 3027 856 3106 injuncta
876 3027 1006 3095 fueraut,
1029 3021 1237 3101 perfecissem:
1259 3041 1318 3099 qua

257 3117 345 3178 modo
359 3121 458 3193 retuli,
471 3119 556 3179 vobis
572 3120 720 3180 tractanda
734 3120 879 3191 commisi,
900 3129 1065 3178 vosautem
1085 3116 1236 3174 communi
1252 3133 1318 3172 con-

258 3227 343 3267 sensu
356 3211 529 3290 imperatum
543 3232 648 3272 munus
660 3225 761 3271 mutuo
771 3211 841 3270 mihi
852 3207 975 3289 parandi
985 3227 1063 3266 nunc
1075 3225 1246 3266 sermonum
1259 3225 1318 3263 con·

257 3301 326 3358 vivii
340 3305 502 3382 recepistis:
513 3325 567 3384 ego
579 3305 668 3383 igitur
677 3304 777 3364 adsum
788 3302 823 3362 ad
837 3302 992 3382 promissas
1006 3299 1106 3378 epulas
1117 3299 1317 3378 paratissimus.

258 3395 484 3459 Hunuocnarns.
496 3401 556 3457 Nos
566 3416 682 3477 quoque
693 3416 802 3468 omues,
810 3417 828 3454 o
836 3399 980 3460 Socrates,
988 3390 1179 3469 utpollicitus
1187 3387 1318 3450 estmodo

260 3484 398 3558 Timaeus,
416 3487 495 3564 quod
509 3489 611 3566 jubes,
633 3509 687 3567 pro
702 3480 814 3549 viribus
828 3505 1038 3565 exsequemur:
1060 3485 1224 3561 praesertim
1237 3501 1318 3559 quum

260 3577 339 3635 nulla
356 3579 512 3640 excusandi
530 3582 566 3640 sit
585 3583 675 3654 ratio,
701 3602 760 3660 quo
782 3583 877 3640 minus
895 3577 926 3636 id
947 3577 1042 3636 lacere
1061 3573 1243 3635 debeamus:
1260 3591 1319 3630 nam

261 3671 410 3750 praeterito
426 3670 487 3742 die,
502 3693 606 3750 quum,
628 3674 823 3753 disputatione
842 3684 971 3749 peraeta,
993 3687 1060 3728 mox
1084 3665 1122 3726 ad
1151 3666 1318 3744 hospitium,

260 3781 319 3840 quo
337 3761 415 3840 apud
436 3763 554 3823 Critiam
576 3768 701 3845 suscepti
722 3785 838 3834 sumus,
856 3763 1028 3832 rediremus,
1042 3773 1072 3818 et
1097 3760 1175 3817 inter
1199 3757 1318 3816 eundum

259 3855 355 3932 primo
368 3868 397 3913 et
410 3852 488 3914 domi
504 3877 603 3916 rursus
613 3858 650 3916 de
665 3859 709 3920 his
722 3857 810 3918 rebus
824 3855 915 3914 verba
929 3854 1064 3912 lecimus:
1079 3849 1128 3908 hic
1140 3850 1231 3928 igitur
1243 3845 1319 3904 nobis

259 3959 384 4006 veterem
404 3947 531 4006 narravit
553 3949 719 4010 historiam:
732 3969 820 4030 qnam
837 3948 936 4021 velim,
950 3966 968 4003 o
984 3945 1087 4018 Critia,
1105 3941 1221 4004 Socrati
1239 3937 1318 4000 modo

261 4055 424 4114 recenseas,
440 4052 488 4115 ut,
507 4059 597 4118 quum
619 4042 778 4118 audiverit,
798 4042 929 4120 judicet,
954 4036 1095 4116 numquid
1113 4035 1150 4096 ad
1167 4054 1232 4096 eam
1245 4051 1317 4102 rem,
