2724 4690
410 378 681 448 EXCURSUS
704 381 754 448 ΙΙ.
1047 375 1111 450 185

59 495 130 562 lides
145 512 230 562 certa
247 496 359 560 haberi
375 513 494 584 posset.
526 497 663 562 Tertium
687 521 789 588 genus
812 517 881 564 erat
904 523 1035 584 eorum,
1057 504 1114 590 qui

59 619 163 692 praeter
176 603 378 690 voluptatem
394 619 426 666 et
439 602 588 687 taedium,
601 605 719 692 quibus
732 623 977 671 commoveatur
986 609 1114 674 animus

58 707 94 770 ad
110 706 326 798 appetendum
343 725 376 773 et
394 708 623 792 aversandum,
642 710 724 774 nitet
737 710 877 775 sensibus
887 715 1014 800 percipi
1027 711 1115 778 dice·

58 829 138 894 rent,
156 813 266 902 qualem
289 830 382 879 erant
401 814 561 903 Cyrenaei,
579 831 612 880 et
629 816 777 906 Sceptioi.
804 818 956 899 Quorum
981 818 1027 882 illi
1051 820 1116 884 boe

57 918 281 1002 defendebant,
294 937 428 1010 propter
441 945 539 987 suum
558 922 655 986 linem
667 923 849 1004 bonorum;
866 923 919 1005 hi,
936 939 974 989 ut
990 925 1114 990 sublata
1187 909 1192 916 ’

58 1027 137 1089 omui
144 1027 305 1109 veritatis,
324 1043 356 1090 et
373 1027 605 1116 probabilitatis
618 1028 864 1111 dijudicatione,
878 1027 994 1118 agendi
1010 1045 1118 1096 tamen

57 1129 186 1218 aliquam
202 1133 365 1198 rationem
381 1133 612 1220 relinquerent.

95 1239 249 1327 «Reliqua
275 1255 324 1304 est
339 1240 438 1304 altera
461 1263 534 1327 pars
559 1240 852 1329 philosophorum,
870 1243 928 1330 qui
945 1241 1116 1330 repudiato

58 1362 202 1408 sensuum
221 1345 430 1428 testimonio,
447 1345 488 1410 ad
503 1345 747 1435 intelligentiam
766 1363 799 1410 et
821 1362 964 1412 mentem
982 1369 1016 1412 se
1033 1363 1116 1412 tam·

57 1449 197 1535 quemad
212 1473 319 1515 unum
333 1451 476 1516 veritatis
489 1451 691 1516 domicilium
707 1469 956 1519 converterunt:
973 1475 1115 1542 quorum

58 1555 169 1641 primus
183 1555 398 1646 Pythagoras,
418 1574 451 1622 et
466 1557 525 1645 qui
546 1579 622 1622 eum
632 1558 772 1645 ¹sequuti
786 1575 863 1622 sunt
878 1559 1026 1641 Eleatici,
1043 1559 1117 1648 obs·

57 1660 179 1725 curedo
195 1661 310 1726 haere
326 1663 455 1750 loquuti
478 1678 574 1744 sunt,
596 1664 663 1728 sive
679 1662 832 1746 consilio,
851 1665 917 1728 sive
934 1666 1009 1753 quia
1029 1665 1118 1753 quod

57 1789 159 1852 pamm
174 1785 403 1856 perceperant,
420 1767 454 1832 id
473 1770 568 1858 plane
586 1770 661 1834 satis
680 1770 789 1857 eloqui
805 1791 875 1834 uon
891 1787 1034 1858 possent.
1051 1774 1117 1836 Lu·

57 1873 264 1937 culeutissime
291 1873 376 1938 hauc
400 1875 559 1939 rationem
591 1875 684 1938 Plato
711 1875 869 1963 exposuit
901 1875 977 1938 Erat
1008 1895 1116 1941 autem

58 1998 175 2043 necesse
192 1979 248 2060 iis,
269 1979 330 2066 qui
341 1981 490 2045 sensibus
503 1981 672 2046 veritatem
685 1979 912 2060 detraherent,
930 1995 1067 2069 eamque
1081 1983 1115 2046 in

58 2086 162 2150 mentis
179 2086 370 2150 notionibus
385 2103 582 2175 qtiaererent,
595 2087 654 2152 bas
671 2085 863 2152 omnimodo
882 2086 923 2150 ab
940 2085 1000 2150 illis
1014 2087 1118 2168 sejun-

57 2207 113 2254 ctas
124 2214 258 2280 ponere.
272 2192 449 2273 Quomodo
462 2194 549 2258 enim
565 2192 635 2258 fieri
646 2209 774 2282 posset,
787 2209 824 2260 ut
840 2193 991 2258 notiones
1007 2215 1027 2258 a
1042 2215 1117 2258 sen·

56 2295 134 2360 sibus
148 2295 369 2361 abstrahendo
382 2295 506 2379 ductae,
525 2289 684 2363 haberent
701 2299 868 2362 veritatem
885 2297 1025 2386 aliquam
1042 2321 1118 2386 pro·

58 2401 163 2486 priam,
180 2425 244 2466 nac
261 2425 416 2467 sensuum
433 2403 559 2468 veritati
577 2403 755 2493 alligatam,
778 2427 839 2468 uec
858 2403 982 2468 'borum
1008 2426 1116 2468 errore

58 2504 286 2591 bbefaetatatu,
306 2523 339 2573 et
355 2508 569 2574 convulsam?
587 2510 673 2600 Ergo
694 2509 871 2598 disciplinae
888 2533 954 2574 suae
972 2509 1037 2574 hoc
1058 2508 1116 2574 ad·

58 2610 214 2691 diderunt,
239 2629 279 2678 ut
303 2613 465 2696 dicerent,
490 2615 655 2704 primum:
678 2614 766 2681 ideas
791 2617 867 2680 istas
895 2617 1019 2680 innatas
1047 2637 1117 2680 esse

59 2719 171 2802 animo,
193 2736 229 2784 et
248 2743 382 2786 sensum
404 2744 537 2790 omnem
556 2739 774 2812 antegressas,
799 2720 937 2802 deinde,
962 2721 1014 2784 his
1037 2719 1117 2797 ideis

57 2823 165 2913 aliquid
179 2849 251 2891 esse
269 2829 471 2910 subjeetum,
486 2852 525 2894 ex
545 2853 611 2916 quo
632 2851 789 2917 expresse
807 2829 889 2909 sint,
903 2823 1019 2892 eodem
1035 2815 1117 2890 illud

60 2930 145 2997 niodo
161 2935 347 3014 sejunctum
362 2958 381 2998 a
393 2935 493 3026 rebus
507 2936 731 3026 sensibilibus,
745 2957 813 3022 quo
825 2933 907 2998 ideae
917 2934 995 3022 ipsae
1012 2948 1119 2996 essent

57 3039 238 3104 asensibus.
255 3039 325 3104 Neo
337 3041 426 3106 enim
438 3040 528 3124 idea,
542 3028 603 3105 nisi
620 3041 666 3106 rei
682 3040 834 3121 alicujus,
849 3038 914 3103 ulla
932 3054 990 3102 est
1012 3039 1117 3124 Atque

59 3145 171 3208 resista
187 3146 214 3209 si
234 3161 318 3210 esset
335 3155 375 3211 ex
392 3147 490 3212 rebus
506 3147 691 3236 corporeis,
705 3167 862 3219 earumve
878 3166 957 3232 pars
967 3159 1024 3206 aut
1042 3165 1117 3228 qua·

59 3244 117 3312 litas
129 3251 303 3340 cogitando
316 3253 494 3319 abstracta:
512 3275 643 3320 neeesse
655 3253 804 3333 foret,ut
817 3252 885 3331 ejus
899 3249 991 3324 notio
1003 3247 1118 3313 luisset

59 3353 189 3422 involuta
208 3375 243 3422 et
264 3359 455 3448 complicata
476 3361 511 3424 in
535 3359 644 3448 aliquo
666 3359 755 3440 viso,¹
775 3357 964 3446 priusquam
982 3379 1065 3446 pura
1084 3371 1116 3419 et

58 3462 171 3527 evoluta
183 3479 328 3530 mentem
341 3465 483 3556 ingressa
494 3483 595 3531 esset:
612 3465 646 3529 id
658 3462 748 3553 quod
760 3465 828 3544 ejus
840 3485 878 3528 ex
894 3485 991 3526 sensu
1006 3479 1115 3527 ortum

59 3587 205 3656 argueret.
219 3573 329 3659 Atque
342 3572 420 3636 hinc
434 3589 516 3637 natae
530 3571 608 3638 sunt
620 3572 762 3638 celebres
778 3571 839 3636 illae
858 3569 1001 3634 Platonis
1019 3570 1115 3647 silete,
1203 3573 1210 3578 '

60 3667 219 3762 dequibus
235 3678 305 3766 ipse
316 3677 403 3742 varie
417 3695 515 3766 atque
531 3679 754 3744 inconstanter
765 3677 927 3764 loquitur,
944 3692 982 3738 ut
995 3674 1118 3756 solent,

59 3777 106 3862 qui
120 3781 290 3870 cogitando
305 3799 524 3870 pervenerunt
537 3782 577 3850 ad
589 3781 727 3872 aliquid,
743 3781 834 3870 quod
847 3797 981 3870 propter
994 3803 1114 3844 nexum

60 3899 234 3974 antegressae
251 3885 482 3979 disputationis
498 3889 672 3956 defendere
688 3891 808 3970 coacti,
823 3888 918 3977 quale
934 3885 968 3950 id
986 3886 1045 3966 sit,
1060 3900 1118 3948 aut

61 3993 214 4073 quomodo
234 3996 412 4062 consistere
430 4014 543 4086 queat,
562 3997 624 4086 ipsi
649 4019 716 4060 non
735 3996 810 4062 satis
833 3993 1029 4081 intelligunt.
1048 3989 1116 4053 Nec

61 4095 136 4160 enim
148 4099 236 4174 ,clare
255 4099 383 4180 delinit,
398 4101 490 4184 cujus
509 4121 631 4168 naturae
650 4101 728 4185 iltae,
741 4116 799 4166 tut
815 4122 882 4188 quo
894 4097 928 4160 in
945 4095 1019 4160 loco
1037 4091 1113 4156 sint·
