2744 4684
238 383 308 480 390
571 389 619 454 n.
645 390 684 456 r.
714 387 958 458 cronnorns

236 504 307 576 bus
324 505 400 602 ipse
422 499 701 594 didicit‚'certas
723 506 934 597 habuerint3
954 532 1019 580 cur
1033 509 1071 580 id
1092 513 1230 608 sapiens
1252 511 1305 583 de

234 611 421 712 reliquis²³
443 611 592 716 [rebus]
613 615 729 689 lacere
747 642 823 689 non
843 618 980 717 possit?
997 623 1053 690 An
1068 634 1122 690 est
1142 619 1303 716 aliquid,

234 723 337 826 quod
361 725 518 823 positum
543 727 599 797 vel
620 725 843 826 improbare,
868 727 926 799 vol
943 726 1145 825 approbare
1165 730 1303 826 possit,

233 833 400 912 dubitare
418 859 494 911 non
515 837 630 934 possit
639 839 695 908 .²⁴?
716 841 772 909 An
795 853 835 908 tu
856 840 895 908 in
917 838 1036 910 soritis
1057 839 1192 935 poteris
1209 837 1301 922 hoc,

234 968 349 1040 quum
362 945 479 1035 voles3
499 945 559 1018 ille
576 947 615 1017 in
634 947 784 1045 reliquie
800 946 910 1022 rebus
926 972 1001 1018 non
1020 949 1155 1044 poterit
1167 947 1300 1020 eodem

234 1054 345 1125 modo
374 1053 595 1144 insistere²⁵‚
622 1060 817 1156 praesertim
848 1082 963 1154 quum
994 1058 1107 1156 possit
1134 1057 1212 1130 sine
1241 1081 1301 1128 as·

233 1165 401 1238 tonsione
428 1163 543 1264 ipsam
569 1167 916 1250 verisimilitudinem
942 1161 1061 1238 non²⁶
1085 1165 1298 1265 impeditam

234 1274 359 1372 sequi?
914 1349 920 1356 ,

171 1411 219 1471 rot
280 1383 444 1458 Alterum
473 1401 547 1475 est,
571 1387 673 1485 quod
697 1388 834 1484 negatis
858 1387 1039 1460 actionem
1066 1384 1218 1459 ullius²⁷
1243 1387 1298 1456 rei

233 1518 340 1594 posse
359 1497 398 1565 in
422 1519 466 1566 eo
490 1520 588 1586 esse,
605 1499 670 1596 qui
698 1497 831 1568 nullam
847 1521 926 1567 rem
945 1519 1093 1568 assensu
1114 1519 1182 1565 suo
1203 1519 1297 1566 com·

232 1598 373 1704 probet.
389 1607 550 1681 Primum
569 1608 666 1682 enim
680 1603 792 1692 videri
809 1619 976 1704 oportet,
990 1605 1028 1676 in
1041 1627 1116 1704 quo
1131 1605 1179 1674 sit
1192 1605 1296 1675 etiam

232 1713 451 1788 assensus²⁸.
476 1719 611 1790 Dicunt
634 1719 731 1788 enim
755 1719 877 1806 stoici,
904 1739 1030 1792 sensus
1053 1716 1152 1814 ipsos
1177 1739 1295 1786 assen-

230 1913 306 1974 ebett.
321 1913 486 1974 secutione,
502 1914 523 1960 ei
538 1922 581 1960 ent
589 1911 686 1977 potuit,
699 1922 741 1960 ent
783 1911 977 1970 communirent,
991 1909 1034 1959 ted
1044 1907 1076 1958 ad
1087 1909 1224 1974 replentem
1234 1911 1295 1958 reie-

229 1993 257 2040 id
272 2007 317 2040 retr
332 1991 485 2042 scriberem
500 1991 594 2041 Deinde
612 1990 743 2040 verbovel
782 1989 865 2038 rende.
893 1989 991 2056 Reliqui
1018 1989 1068 2036 mei
1092 1988 1208 2036 dubiem
1234 2000 1294 2037 reete

230 2071 262 2136 ple
280 2067 337 2129 iis,
356 2085 387 2118 ex
403 2071 433 2117 ir.
451 2069 507 2118 cod.
526 2073 568 2119 Dr.
582 2079 607 2118 et
619 2071 697 2118 Wmt.
715 2069 741 2118 in
782 2067 900 2134 prebent.
920 2067 989 2117 Nihil
1006 2069 1081 2132 igitur
1099 2067 1205 2116 Guietm
1224 2068 1292 2125 dicit,

231 2147 337 2212 quibos,
354 2159 381 2195 ut
390 2148 421 2196 tie
434 2146 486 2208 tie,
498 2148 599 2212 legitor,
611 2148 669 2207 vel,
683 2147 741 2196 ubi·
783 2147 825 2211 qui
838 2145 977 2212 approbare
985 2147 1065 2212 pouit
1075 2146 1153 2194 metir.
1168 2148 1202 2195 G.

232 2241 281 2290 que
291 2225 353 2286 fere,
364 2226 386 2281 ei
395 2225 458 2274 adeo
467 2236 536 2273 notet
545 2259 554 2285 ,
565 2242 579 2273 e
590 2224 676 2284 mribie
685 2241 740 2286 rum
820 2227 863 2274 25.
874 2225 993 2274 lneietere.
1003 2227 1085 2288 Quom
1093 2224 1125 2272 de
1130 2226 1214 2272 eoritis
1222 2239 1294 2272 termo

233 2313 261 2352 tre
270 2313 431 2354 commutato:
441 2303 507 2352 facili
514 2319 570 2352 mne
579 2303 741 2366 lepm‚qunm
783 2303 826 2363 elt,
841 2317 945 2367 mum
953 2301 1198 2368 Chrysipplrerbum
1204 2302 1294 2361 ieeelm

231 2382 263 2432 vl
274 2382 401 2434 toribrtur.
417 2382 515 2446 Reliqui
528 2384 627 2446 scripti,
642 2383 741 2446 etmel,
783 2397 920 2446 expressum
941 2381 1048 2445 putabis.
1071 2381 1112 2432 cf.
1138 2381 1208 2432 Sext.
1227 2385 1292 2448 limp.

231 2462 386 2524 «italiorum,
404 2462 447 2526 qui
465 2471 553 2530 utnon
567 2459 742 2524 tenent‚ebje·
783 2461 871 2526 Pyrrh.
895 2463 936 2519 11,
959 2459 1103 2510 25³.c01t
1126 2460 1221 2510 ibidem
1241 2462 1291 2511 adr.

231 2551 332 2602 oemnt,
347 2555 423 2605 quum
441 2541 464 2603 ei
480 2555 576 2600 mum
594 2550 676 2604 aptore
690 2555 742 2592 nott
782 2539 931 2598 Mamm,
944 2541 1003 2596 tro.
1013 2537 1074 2587 Inde
1081 2538 1292 2590 (imnendiendm

230 2630 339 2688 pottent.
783 2635 835 2667 non
854 2629 909 2680 eet,
929 2619 973 2683 qui
994 2617 1067 2666 verb·
1085 2639 1099 2660 «
1112 2618 1202 2668 eodem
1221 2620 1291 2668 modo

233 2695 235 2700 ’
266 2695 740 2762 π3.οιινίᾰεαρίσηεδεηὶἰᾳιιίενιῠιυ;
783 2697 1107 2762 insistere-‚uteoperflot,
1122 2697 1204 2748 delete
1214 2699 1291 2760 milit,

231 2777 300 2828 θαι.
320 2778 411 2827 delerit
429 2777 508 2826 rebus.
522 2777 590 2826 oud.
605 2777 635 2830 ir.
648 2775 704 2824 eod.
717 2785 741 2824 et
782 2793 857 2842 quum
868 2777 920 2829 rat.
930 2793 953 2837 r,
966 2798 977 2820 ι
988 2775 1074 2824 eodem
1088 2775 1172 2825 studio
1185 2779 1292 2828 imoe-

230 2856 740 2924 Dniuquit,«rebutdereliquiee,ven.
782 2857 833 2904 reio
850 2871 900 2919 qno
926 2871 1022 2915 miore,
1040 2857 1148 2905 referat:
1168 2857 1206 2904 eie
1227 2857 1293 2906 docte

233 2945 313 3000 1494,
327 2953 384 2986 oum
395 2935 448 2985 rliie
461 2958 474 2980 ι
484 2936 515 2984 de
525 2933 598 2984 rebus
610 2934 739 3000 reliquie».
782 2935 848 2984 enim
857 2935 943 2982 eor-iba
954 2950 1006 2983 non
1015 2946 1127 3000 peream.
1140 2937 1172 2983 G.

229 3017 267 3064 lix
283 3015 328 3064 har
345 3033 406 3082 rag·
423 3015 480 3066 tede
493 3030 580 3063 vocem
594 3029 740 3079 euperraee·
818 3016 861 3065 αὖ.
879 3015 936 3063 Non
953 3015 1101 3080 impeditam,
1120 3017 1169 3064 int.
1188 3016 1254 3064 nulle
1270 3032 1293 3063 re

229 3109 298 3142 neem
310 3111 362 3143 non
372 3097 425 3146 tine
434 3109 505 3144 cnon
516 3105 545 3146 ut
555 3095 661 3158 epnrirm
672 3093 739 3154 ehje·
781 3093 930 3162 impediente
940 3096 999 3160 quin
1009 3093 1178 3160 probebiliteti
1187 3095 1267 3144 cedat.

229 3173 315 3224 oimue.
819 3188 860 3235 ²7·
881 3175 1008 3222 Actionem
1026 3175 1097 3223 relititr
1113 3173 1157 3222 rei.
1180 3176 1202 3222 1.
1225 3193 1248 3223 e.
1268 3171 1292 3223 ri

267 3257 309 3307 24.
321 3253 361 3299 An
368 3262 405 3300 est
412 3251 520 3319 utquid,
529 3249 739 3317 qnodposimm....
782 3267 874 3316 «egere
892 3269 943 3301 rem
961 3253 1066 3317 eliquem
1079 3271 1091 3295 ι
1103 3267 1110 3301 :
1124 3253 1216 3318 etepine
1233 3253 1291 3301 enim

230 3327 342 3377 dtebitare
358 3346 406 3402 non
420 3331 505 3394 possit.
529 3327 593 3379 oud.
615 3329 661 3376 Dr.
682 3329 737 3377 We.
783 3329 814 3377 de
829 3329 914 3379 eubett.
930 3331 956 3378 in
970 3331 1010 3390 io,
1026 3341 1051 3379 et
1065 3331 1095 3380 de
1108 3332 1162 3395 ipra
1175 3331 1292 3380 herrore

225 3407 292 3476 ¹Veri.
305 3413 388 3468 1494,
402 3424 449 3472 quo
457 3408 543 3476 posito.
552 3410 592 3457 An
606 3407 669 3454 sorte
682 3407 740 3453 ecri-
782 3423 854 3479 mpm
862 3411 1028 3476 exposuimus.
1039 3412 1127 3458 Sensus
1135 3409 1188 3458 loci
1197 3411 1290 3464 hiemi:

230 3481 351 3542 bendum,
365 3505 376 3527 ι
386 3501 416 3532 ιιι
425 3497 471 3545 eet,
481 3503 531 3551 qno
540 3487 623 3551 posito
633 3483 739 3548 aliquid,
781 3509 795 3530 ιι
805 3489 916 3536 Alterum
934 3487 1003 3554 (roll.
1018 3500 1103 3538 vestrm
1115 3506 1196 3538 cauete
1209 3489 1290 3554 oepnr)

230 3572 275 3610 ete.
288 3583 299 3606 ι
310 3573 338 3610 ut
346 3563 444 3628 aliquid
450 3567 622 3630 trineporitum
632 3564 680 3612 tit?
691 3563 739 3613 Sed
781 3577 830 3625 est,
848 3565 915 3630 qnod
928 3567 1051 3628 metuitis,
1065 3567 1190 3616 neminem
1201 3585 1251 3616 rem
1259 3567 1291 3615 ul·

229 3641 344 3689 videntur
352 3642 436 3692 toribre
445 3658 496 3691 non
502 3644 593 3710 cepisse
601 3645 627 3692 in
633 3642 738 3708 potinem
781 3643 829 3692 lam
839 3659 908 3709 egere
918 3661 989 3710 poete
998 3682 1005 3706 ‚
1015 3647 1062 3694 niti
1071 3662 1145 3710 quem
1159 3663 1210 3696 rem
1220 3663 1291 3697 uren·

229 3721 348 3786 integrum
355 3722 505 3770 enuntietum
510 3723 593 3782 latere,
599 3739 646 3790 pro
653 3721 739 3788 «qood
782 3740 811 3772 eu
821 3739 867 3772 ruo
878 3725 1023 3792 comprober
1032 3749 1054 3775 ι.
1066 3727 1099 3774 G.

228 3799 249 3846 ei
266 3799 373 3864 potitum
388 3800 459 3847 inerit
470 3818 495 3850 ι.
513 3801 608 3850 Deinde
622 3803 693 3850 etiem
707 3817 738 3852 ex
818 3804 861 3852 28.
881 3803 988 3852 Primum
1006 3805 1070 3854 enim
1087 3804 1173 3852 videri
1191 3815 1289 3870 oportet,

228 3879 287 3928 mein
296 3877 363 3928 Gnd.
373 3889 397 3926 et
404 3881 459 3928 Wr.
467 3877 580 3926 motam
589 3879 660 3928 Unde
669 3889 739 3944 putot
781 3881 806 3930 iet
817 3899 865 3946 qno
871 3881 903 3930 eit
908 3881 982 3932 etiam
990 3901 1112 3934 asserens.
1122 3885 1206 3932 Vertit
1217 3885 1289 3933 castit-

228 3959 286 4008 llrn.
310 3955 443 4022 impmbon'
466 3958 504 4006 rel
532 3959 666 4020 approbari
690 3959 739 4024 legi
781 3960 862 4009 lom·
875 3964 956 4010 Arent
966 3962 1051 4028 degit,
1060 3965 1128 4014 telon
1139 3965 1286 4024 vous,ilfrut

229 4051 307 4100 poete.
330 4036 379 4086 Sed
406 4035 512 4102 protulit
533 4035 638 4094 rectius,
663 4054 739 4102 quum
782 4040 851 4088 eroir
868 4057 915 4088 une
931 4043 1072 4106 perception
1090 4046 1134 4107 qui
1151 4041 1286 4093 commende

228 4112 339 4163 debitam
353 4115 452 4165 ederet:
471 4129 523 4162 non
539 4113 604 4162 enim
621 4117 739 4164 monti·
782 4113 982 4168 l'eteentimrnt».
