2744 4684
248 369 320 455 460
658 373 905 444 ermenero.

248 518 324 564 non
349 493 470 590 magni
492 494 605 590 praetii
630 509 737 582 sunt,
757 519 865 591 quam
888 494 934 565 ad
956 495 1138 567 Paradoxa
1162 494 1315 566 octode-

248 603 317 672 cim
346 598 449 674 codd.
471 602 644 675 lectiones
670 627 795 676 omnes
821 603 1053 693 adhibendae,
1075 631 1150 676 non
1168 606 1314 690 minus,

247 736 358 809 quam
376 713 480 782 variae
500 712 693 798 lectiones,
721 715 873 810 quasin
900 713 1057 786 editione
1082 739 1147 786 sua
1174 715 1315 786 notavit

248 825 301 892 Jo.
322 825 454 918 Georg.
470 823 650 910 Graevius,
669 823 747 910 cui,
772 837 814 894 ut
840 825 889 894 ait
912 827 952 894 in
977 822 1186 922 praefatione
1208 825 1256 894 ad
1278 823 1316 892 li-

250 929 336 1002 bros
360 929 406 1001 de
434 929 589 1018 Officiis,
618 929 663 1002 de
687 935 898 1023 Senectute,
926 949 964 1006 et
992 935 1056 1007 rel.
1084 960 1157 1034 prce
1187 939 1313 1006 ceteris

248 1039 435 1138 profuerat
454 1039 566 1112 editio
584 1041 702 1112 Caroli
720 1044 869 1140 Langii,
892 1045 956 1139 qui
982 1043 1158 1142 plurimos
1182 1069 1313 1115 consu·

249 1152 364 1222 luerat
387 1152 646 1222 vetustissimos
672 1151 835 1242 codices,
862 1153 928 1223 riri
959 1154 1048 1224 acris
1065 1151 1218 1248 judicii,
1250 1152 1313 1222 do·

249 1261 445 1356 ctrinaeque
471 1260 670 1358 singularis.
697 1259 798 1332 Idem
826 1262 1047 1335 membranis
1076 1263 1314 1360 pervetustis,

125 1361 126 1366 ¹
247 1393 469 1470 quamquam
488 1369 613 1443 laceris
631 1384 668 1442 et
689 1375 846 1460 mancis,
873 1397 893 1443 a
910 1370 1021 1443 fratre
1041 1373 1200 1468 acceptis
1226 1396 1311 1442 nsus

247 1496 301 1553 est
319 1505 403 1553 cum
427 1481 496 1552 alio
519 1478 795 1553 membranaceo
818 1485 1005 1553 Ciceronis
1026 1481 1169 1570 codice,
1188 1479 1255 1551 sed
1276 1494 1315 1550 ut

247 1593 465 1681 recentiore,
483 1595 534 1664 sic
556 1605 649 1662 notae
668 1591 784 1690 longas
803 1591 1006 1680 deterioris,
1024 1605 1134 1688 atque
1154 1589 1314 1662 editione

250 1707 391 1774 minore
406 1701 547 1799 Griphii
557 1703 642 1772 anni
657 1699 764 1786 1550,
775 1716 810 1772 et
823 1701 1116 1799 Argentoratensi
1130 1698 1313 1786 Lambini,

250 1814 355 1908 cujus
373 1813 562 1910 utriusque
580 1813 731 1907 margini
745 1816 871 1883 Petrus
886 1811 1049 1883 Pithoeus
1060 1813 1175 1881 varias
1195 1811 1313 1882 lectio·

250 1949 315 1996 nes
338 1923 576 2022 adscripscrat
598 1946 641 1991 ex
661 1918 806 1992 dnobus
825 1921 929 1993 codd.
951 1936 1148 2020 excerptas.
1164 1925 1259 1991 Tum
1279 1922 1313 1988 in

250 2033 435 2104 Graeviana
453 2031 508 2102 ed.
525 2045 655 2128 praeter
672 2056 788 2102 unum
808 2047 1055 2129 pervetustum
1074 2031 1178 2101 Fulv.
1197 2031 1313 2102 Ursini

250 2137 413 2213 codicem
433 2154 469 2211 et
487 2138 543 2211 ed.
566 2141 720 2236 primam
741 2145 907 2238 Mogont.
927 2167 955 2212 a.
976 2139 1080 2228 1465,
1096 2141 1249 2214 Palatini
1266 2165 1314 2212 co

248 2249 346 2322 dices
367 2265 440 2320 tres
458 2273 551 2348 saepe
574 2266 903 2352 commemorantur
921 2257 1043 2324 alano
1059 2255 1221 2324 Grutero
1245 2250 1312 2322 col·

252 2359 339 2430 lati:
356 2383 577 2458 quamquam
594 2362 623 2427 is
642 2357 686 2428 ad
703 2357 852 2447 Ollicl,
872 2386 902 2449 1,
925 2362 1313 2459 1:«Ceterum,inqnit,

251 2467 483 2541 «meminerit
502 2469 633 2556 lector,
656 2493 713 2538 me
734 2483 875 2542 tantum
900 2473 1128 2550 consuluisse,
1142 2474 1313 2544 Palatinos

251 2579 713 2678 «duos,quuminnumer0s
722 2576 871 2653 baberet
879 2580 1098 2654 bibliotheca
1105 2583 1313 2664 electoralis,

250 2689 389 2778 «duos,
408 2691 575 2788 inquam,
594 2701 687 2758 notae
708 2692 864 2788 optimae.
890 2691 1104 2765 Guilielmus
1123 2718 1216 2764 vero
1238 2695 1311 2764 citat

251 2832 269 2866 «
280 2801 536 2874 Coloniensem
551 2813 586 2869 et
598 2796 867 2887 Fabricianum,
885 2803 971 2873 item
981 2807 1025 2874 V.
1043 2817 1079 2873 et
1092 2805 1137 2872 D.
1156 2827 1228 2900 per
1244 2807 1310 2874 Me-

255 2911 397 2982 «rulam
417 2909 585 2994 collatos,
600 2923 646 2978 nt
668 2925 835 3010 excerpta
851 2913 1034 2999 Carionis,
1056 2911 1218 3009 denique
1234 2917 1312 2982 Cru-

253 3053 271 3088 c
281 3024 425 3095 cianum
440 3016 684 3117 exemplar...
698 3051 714 3084 1>
731 3025 822 3090 Tum
837 3046 905 3120 per
917 3019 1170 3093 liberalitatem
1188 3015 1311 3092 Godol.

250 3137 359 3204 Henr.
393 3127 576 3214 Schaeferi,
606 3129 710 3224 cujus
736 3134 843 3202 etiam
867 3131 1085 3230 singularem
1120 3155 1250 3202 curam
1280 3133 1309 3199 in

249 3247 344 3342 typis
358 3242 485 3313 barum
501 3237 727 3338 plagularum
747 3241 968 3340 corrigendis
982 3242 1184 3338 gratissimo
1200 3243 1311 3313 animo

253 3377 433 3449 agnosco,
459 3354 513 3420 uti
532 3347 623 3420 mihi
641 3347 741 3420 licuit
762 3375 892 3422 novem
917 3349 1081 3423 codicum
1102 3347 1311 3420 lectionibus

252 3487 297 3534 ex
311 3460 512 3533 Oxoniensi
525 3457 684 3530 editione
699 3483 718 3528 e
736 3474 876 3558 typogr.
888 3457 1103 3532 Clarendon.
1118 3457 1164 3530 de
1181 3485 1215 3531 a.
1230 3457 1309 3556 1783

250 3570 386 3658 ductis,
400 3595 557 3669 quorum
573 3583 676 3640 notas
694 3573 856 3667 ipsorum
870 3570 1050 3641 editorum
1070 3569 1194 3640 verbis
1214 3567 1312 3666 expli

251 3683 327 3756 cuit
340 3680 424 3754 Chr.
439 3683 530 3752 Dan.
548 3679 701 3752 Beckius
722 3682 761 3751 in
779 3679 915 3753 Praefat.
936 3679 981 3752 ad
1001 3681 1187 3753 Ciceronis
1200 3687 1310 3779 Opera

248 3795 319 3868 vol·
340 3797 387 3880 Π,
400 3815 478 3890 pag·
496 3787 559 3876 53,
576 3815 677 3888 seqq.
693 3791 859 3881 Quorum
875 3790 1053 3879 codicum,
1066 3804 1208 3889 septem
1217 3813 1309 3862 nem·
1356 3863 1357 3882 ἶ

252 3919 318 3994 Pe,
344 3903 394 3984 Ε,
419 3904 454 3984 l,
474 3901 525 3986 Ν,
558 3899 609 3983 U,
634 3925 671 3983 n,
689 3895 731 3988 ψ,
752 3927 787 3986 c,
819 3897 1002 3970 Paradoxa
1033 3895 1181 3967 habent.
1218 3895 1309 3969 Anti·

250 4003 461 4097 quissimum
491 3999 671 4078 editorum
693 4009 784 4074 Oxx.
803 4003 939 4102 jndicio
958 4002 1100 4076 videtur
1119 4019 1200 4076 esse
1219 3999 1309 4074 MSa

250 4109 391 4202 (sorsan
406 4139 584 4188 annorum
602 4113 746 4210 CCC).»
