2724 4690
288 397 540 468 acaunum.
566 401 601 485 1,
629 395 765 467 nram
791 401 844 488 11,
870 397 905 470 6.
1066 397 1135 474 255

46 535 296 622 posteaquam
315 521 486 593 Arcesilas
495 519 669 608 Zenoni²,
681 534 725 591 ut
735 534 897 618 putatur,
910 520 1133 610 obtrectans,

46 633 137 704 nihil
161 635 258 704 novi
280 634 496 731 reperienti,
521 631 585 704 sed
610 629 819 702 emendanti
842 635 1049 730 superiores
1068 636 1135 706 im·

46 744 262 818 mutatione
282 742 479 815 verborum
492 740 520 831 ³,
538 741 625 814 dum
643 741 754 838 hujus
779 739 1012 814 definitiones
1034 743 1133 816 labe·

46 854 185 928 factare
211 854 317 941 vult,
345 869 497 928 conatus
526 868 581 926 est
605 854 808 925 clarissimis
833 851 943 924 rebus
967 854 1138 928 tenebras

46 965 269 1038 obducere?
281 966 396 1060 Cujus
411 967 529 1063 primo
543 990 618 1035 non
635 963 833 1036 admodum
848 962 1017 1062 probatal
1030 969 1135 1056 ratio,

46 1100 284 1173 quamquam
310 1075 435 1146 floruit
457 1101 573 1174 quum
601 1076 766 1147 acumine
792 1075 952 1171 ingenii,
974 1089 1053 1146 tum
1070 1075 1135 1147 ad-

45 1186 213 1260 mirabili
231 1185 391 1285 quodam
410 1187 535 1286 lepore
555 1185 721 1271 dicendi,
743 1187 909 1285 proxime
925 1211 945 1257 a
968 1183 1134 1284 Lacyde⁵

47 1300 131 1370 solo
153 1313 303 1370 retenta
326 1312 400 1384 est,
421 1313 503 1396 post
525 1311 646 1369 autem
667 1293 858 1370 confecta6
883 1322 904 1367 a
927 1296 1131 1388 Carneade,

48 1519 174 1583 recipiat,
194 1517 222 1566 iu
236 1517 349 1568 rmuoue
366 1517 452 1582 gallica
466 1517 576 1582 sequitur
619 1518 795 1567 demonstratas
804 1551 812 1578 ,
828 1516 934 1566 tenebris
942 1517 1067 1568 involvere
1075 1533 1136 1566 coe·

46 1601 108 1648 LV.
118 1603 149 1648 1..
162 1609 224 1664 post
236 1598 343 1646 Duraad
350 1610 375 1647 et
388 1598 514 1647 castillon.
617 1600 742 1646 nititur».
763 1601 799 1646 lta
821 1597 918 1646 demum
938 1598 991 1646 bac
1009 1597 1082 1647 verba
1103 1599 1136 1648 ad

87 1695 115 1728 a.
138 1678 260 1727 Arcesilas
271 1678 415 1726 lenem...
430 1679 577 1728 obtrectans.
617 1679 793 1726 obtrectantem
805 1679 900 1742 posita,
917 1693 963 1726 suo
982 1677 1039 1727 loco
1055 1687 1135 1728 eruut.

47 1762 85 1808 De
97 1774 155 1824 quo
168 1759 239 1808 cous.
250 1761 318 1808 Sext.
328 1759 398 1824 llurp.
411 1761 440 1808 P.
453 1761 485 1808 ll.
495 1761 515 1806 1.
529 1761 578 1818 33,
616 1760 731 1808 Ceterum
748 1775 779 1806 ex
794 1757 841 1806 bac
854 1757 972 1806 Antiochi
992 1758 1022 1806 de
1035 1760 1135 1808 Zenone

49 1843 121 1899 233,
141 1855 183 1902 sq.
203 1839 261 1889 adr.
273 1838 349 1888 math.
363 1840 577 1900 Vll,150,sa7;
616 1840 736 1887 sententia
760 1853 824 1902 steps
850 1836 945 1898 judicat
967 1839 1071 1898 Cicero3
1102 1839 1134 1887 ol.

47 1923 128 1985 Πίος.
141 1923 222 1969 Laert.
232 1921 279 1976 IV,
289 1921 322 1968 28
331 1934 339 1981 ;
349 1919 380 1967 de
390 1921 459 1969 Orat.
469 1921 518 1981 111,
531 1920 576 1978 1⁸3
616 1920 671 1969 Fin.
684 1921 734 1977 lll,
745 1930 809 1978 a,et
819 1919 863 1976 IV,
874 1935 896 1966 c.
908 1933 984 1978 s·10,
995 1929 1042 1966 etc.
1052 1920 1135 1985 Atque

48 2001 163 2048 Gellium
178 1999 211 2048 N.
226 2000 260 2050 A.
273 1999 327 2058 xt,
343 1998 367 2046 5.
380 2001 414 2046 H.
614 1998 672 2046 binc
682 1998 815 2046 indeidem
825 1997 903 2046 Acad.
913 2001 938 2058 1,
951 2015 983 2061 9,
996 1999 1039 2046 35.

85 2082 111 2130 3.
130 2078 207 2128 Nihil
218 2077 322 2128 novi...
337 2076 506 2126 immutatione
519 2093 578 2126 ver-
653 2088 677 2135 t.
702 2080 759 2127 Non
780 2077 913 2126 admodum
931 2079 1039 2142 probata
1056 2076 1134 2127 ratis.

48 2161 150 2208 Mutus.
165 2162 261 2223 Aperte
274 2157 341 2216 bac,
359 2159 440 2221 iuquit
454 2159 577 2217 Goereuz,
616 2160 740 2224 vigebant
761 2160 824 2206 enim
842 2161 891 2220 jan
912 2169 963 2206 tum
981 2173 1032 2223 prat
1049 2157 1136 2206 ceteris

47 2239 229 2306 napsudarucisc
234 2238 381 2287 inseruntur.
387 2236 435 2284 Sed
440 2236 489 2284 boc
495 2236 577 2300 ipsum
616 2243 689 2302 Stoa,
698 2251 723 2287 et
734 2239 833 2304 Epicuri
843 2239 922 2287 horti:
936 2249 961 2285 ct
969 2255 1026 2286 sane
1036 2239 1135 2301 iugenio

48 2329 101 2376 est,
119 2317 196 2381 qnod
213 2333 259 2364 nos
273 2316 299 2363 b.
316 2317 333 2363 l.
348 2325 454 2379 torquet.
472 2317 507 2364 Ea
521 2317 577 2379 ipso
616 2320 750 2384 insigniore
769 2319 801 2366 sd
818 2319 882 2366 hauc
900 2317 1054 2384 disciplinam
1071 2317 1136 2365 obti-

49 2401 116 2448 euim
128 2399 255 2446 Cicerone
265 2396 409 2453 didicimus,
422 2396 577 2460 parentheses
616 2400 721 2447 nondam
735 2415 800 2464 opus
811 2409 872 2446 emt.
888 2399 960 2445 Prius
974 2399 1050 2462 magis
1062 2399 1136 2446 etism

49 2479 169 2544 proxime
178 2477 211 2524 ad
220 2493 274 2524 eam
283 2492 368 2524 rocem
377 2476 503 2539 ponendas
512 2491 577 2535 esse,
616 2480 720 2544 Lacydis
736 2490 847 2544 tempore
861 2476 957 2526 valebat
973 2491 980 2526 ε
1001 2495 1081 2541 neque
1094 2477 1136 2525 laic

49 2559 176 2622 adquam
193 2556 294 2620 proprie
307 2557 461 2618 pertineant:
475 2573 576 2618 eamque
617 2575 674 2604 cunr
690 2558 806 2606 Arcesilae
830 2557 929 2619 ingenio
957 2557 1136 2622 comparandus

49 2637 192 2702 ille‚quasi
202 2636 296 2700 legem,
308 2644 358 2682 tam
367 2634 479 2697 religiose
489 2645 576 2694 servat,
617 2648 676 2685 erat.
696 2638 727 2684 Et
743 2647 823 2684 tamen
841 2648 926 2684 contra
942 2653 984 2696 ea,
1002 2651 1058 2701 qna
1074 2637 1100 2685 b.
1113 2636 1135 2686 l.

49 2729 78 2765 ut
89 2716 170 2766 multa
182 2714 239 2763 loca
253 2713 356 2762 excitari
366 2713 473 2777 possint,
486 2712 530 2760 ubi
539 2715 576 2762 vel
617 2714 983 2782 Lucullusstatuit,dieiturbic
992 2715 1034 2764 ais
1044 2713 1136 2784 ὀλίγως

51 2798 168 2848 coactius
183 2796 304 2860 loquutus
322 2809 373 2842 esse
387 2793 465 2840 videri
484 2795 576 2857 possit,
617 2793 722 2860 ἐσχηκὼς
731 2790 849 2852 ζηλωτάς.
860 2795 898 2842 Cf.
912 2795 1135 2857 Diog.Laert.1V,

50 2895 81 2928 ue
108 2879 159 2926 ista
182 2891 285 2933 norma,
305 2874 358 2938 lpsa
380 2872 470 2935 liugan
492 2884 578 2921 natura
619 2877 662 2938 59.
675 2877 821 2940 Comparate
835 2873 959 2938 igiturille
971 2875 1060 2923 dixisse
1069 2875 1135 2923 acci·

51 2955 243 3022 quedammodo
263 2951 444 3016 comprobata,
464 2953 577 3001 violetur.
617 2955 722 3020 pieudns
740 2965 796 3003 est:
816 2955 863 3002 uisl
885 2953 916 3001 de
936 2970 1003 3012 uuo,
1022 2955 1136 3018 quitum

51 3041 88 3088 At
106 3039 176 3086 cuim
198 3037 268 3084 istam
288 3035 367 3099 ipsam
383 3049 494 3082 noctuam
512 3035 539 3082 h.
557 3035 576 3083 l.
618 3035 706 3098 dignus
717 3044 781 3092 erat,
795 3045 822 3081 ut
835 3045 1073 3092 commemoraretur,
1082 3034 1135 3083 haeo

51 3117 137 3168 lnam
155 3115 255 3175 rideas,
272 3114 344 3163 etita
360 3113 457 3172 itesam,
474 3126 501 3162 ut
515 3130 579 3162 cou-
617 3114 720 3177 intelligi
733 3113 817 3172 malis3
830 3112 899 3177 quod
908 3114 981 3160 unice
992 3114 1135 3178 amplector.

52 3208 122 3246 testa
133 3195 268 3255 violenter,
283 3193 336 3241 siue
349 3191 473 3258 probabili
488 3209 577 3254 causa,
619 3193 751 3244 Carneadis
762 3203 842 3241 antem
855 3193 971 3240 eximiam
985 3194 1056 3257 plane
1069 3194 1137 3258 iuge·

53 3275 196 3340 interrupta
217 3275 356 3324 videantur.
378 3274 460 3321 Liceat
477 3274 578 3337 quidem
618 3277 701 3333 nium,
717 3284 741 3322 et
758 3273 896 3337 eloquentia
913 3271 1003 3321 multos
1017 3273 1043 3321 iu
1060 3273 1137 3338 ipsius

54 3371 79 3404 r.
97 3352 202 3402 Zenoni
219 3354 392 3418 transpositam
412 3365 517 3418 putare:
535 3353 579 3402 aed
618 3355 802 3403 admirationem
813 3351 930 3417 rapiebat.
941 3353 973 3402 G.

54 3435 188 3492 consulto,
198 3445 227 3485 ut
237 3434 313 3492 soles,
322 3434 376 3482 bac
386 3433 579 3482 nominasuctor
657 3435 680 3484 5.
700 3433 803 3496 bacyde.
818 3431 927 3496 Lacydes
946 3432 1036 3481 dicitur
1050 3431 1081 3499 (a
1095 3433 1137 3483 Ci-

54 3515 170 3578 proxime
177 3513 273 3574 junxit.
287 3515 320 3561 At
332 3513 409 3577 proba
418 3511 490 3560 datur
502 3531 578 3578 espe-
620 3517 728 3579 cerone)
745 3515 874 3562 retinuisse
891 3513 1037 3562 Arcesilaum
1054 3515 1138 3580 pbilo-

55 3594 144 3642 dieudi
155 3594 227 3642 ratio.
241 3593 304 3641 Nam
315 3609 400 3640 seuseu
411 3593 450 3640 bic
461 3604 512 3640 est:
522 3617 535 3636 a
543 3597 579 3642 Es
620 3594 742 3660 sophandi
756 3596 883 3642 rationem.
897 3597 976 3642 Locus
989 3593 1019 3643 de
1034 3611 1063 3643 eo
1074 3595 1138 3643 clas·

55 3691 109 3738 quo
132 3674 257 3724 Arcesilas
279 3673 390 3734 Zenoni,
414 3685 443 3722 ut
463 3675 580 3736 creditur,
624 3675 690 3723 sicus
704 3685 741 3724 est
754 3674 869 3723 Numenii
884 3691 923 3740 ap.
939 3676 1027 3723 Euseb.
1046 3677 1138 3725 Pner.
1177 3695 1180 3704 ·

55 3753 200 3804 obuecuus
211 3757 257 3818 (et
267 3754 408 3803 obtrectans
419 3755 456 3814 ei,
467 3757 509 3819 qui
519 3752 580 3802 nihil
626 3771 651 3818 p.
663 3771 696 3803 m.
709 3757 767 3816 734.
780 3771 830 3817 seq.
842 3755 873 3804 ll.

56 3835 120 3882 nori
137 3835 292 3900 reperiebat,
310 3834 353 3882 sed
375 3834 468 3882 dudum
486 3844 582 3899 reperta
662 3836 688 3884 6.
710 3831 836 3899 Corrfecta.
859 3835 900 3882 Sic
920 3837 1014 3900 optime
1033 3832 1139 3883 correxit

56 3917 231 3980 terminologia
245 3915 294 3980 (sit
308 3915 379 3962 rania
393 3914 491 3980 verbo)
507 3931 581 3962 accu-
626 3914 750 3977 vulgatum
760 3913 865 3980 conficta
878 3915 1016 3962 Lambinus.
1024 3915 1086 3962 Nam
1096 3910 1141 3974 qui

57 3996 152 4044 ratiore
172 3993 357 4058 emendabat),
377 4011 453 4059 quum
475 3995 582 4044 Zeuoms
626 3995 705 4059 possit
717 3993 820 4058 intelligi
834 3995 947 4042 Arcesila
962 3989 1141 4041 ratioeonficta

58 4073 218 4126 definitiones
231 4086 358 4140 suspectas
371 4075 472 4124 reddere
485 4074 584 4135 studet,
626 4073 793 4133 aCsrueade,
810 4075 852 4138 qui
868 4075 928 4132 luit,
943 4085 972 4122 ut
984 4075 1024 4120 bic
1040 4071 1139 4129 dieitur,

58 4155 301 4220 reipsum-aus
312 4165 372 4204 aare
382 4155 582 4206 Zenonemelare
627 4165 727 4218 qmrtus
751 4153 782 4202 ab
808 4153 938 4202 Arcesila?
963 4152 1047 4200 Potuit
1069 4148 1141 4197 etism
