2724 4690
403 395 798 465 ARGUMENTUM.
1067 416 1137 488 ²¹9

101 531 163 574 eam
172 513 308 574 visorum
320 512 498 588 claritatem,
514 527 548 574 ut
558 514 594 574 iis
603 513 640 574 ad
649 513 792 594 agendum
806 512 959 592 provocari
969 512 1024 572 rite
1036 531 1138 592 poese-

104 629 175 670 mus.
188 613 334 670 Sermone
347 629 465 690 quoque
473 631 608 692 promere
621 612 723 684 licere,
739 609 817 690 quod
830 623 862 669 ut
871 629 971 670 rerum
983 610 1077 670 visum
1090 610 1138 679 sit,

105 705 129 764 si
142 704 234 766 modo
244 705 308 766 siue
320 725 437 766 assensu
448 707 498 766 fiet
512 730 521 766 e
535 727 569 766 ea
579 720 676 766 tamen
684 707 777 766 solum
786 707 847 766 visa
858 705 1064 785 approbanda,
1075 707 1153 784 qui·-

104 801 158 862 bus
171 802 247 862 nihil
261 805 376 876 obstet,
397 803 475 864 unde
487 804 582 864 miuus
599 825 668 864 vera
685 803 778 863 videri
794 803 920 882 possint,
946 803 1047 875 5103,
1074 811 1140 873 rol.

104 903 176 972 Quo
196 900 394 960 Clitomacbeo
405 901 429 961 si
444 901 482 960 ab
497 903 555 962 illis
568 900 690 981 probari
702 920 762 960 nou
776 901 902 980 possint,
923 899 1012 958 licere
1022 919 1057 958 ea
1068 900 1139 959 lclso

104 996 243 1070 credere,
257 996 347 1058 modo
359 1017 397 1057 ne
407 997 553 1058 invidiose
564 999 757 1077 exagitentur.
776 1002 844 1058 Non
859 997 939 1076 ipsos
948 998 1041 1056 lucem
1052 996 1140 1058 rebus

106 1095 241 1172 eripere;
256 1094 308 1154 sed
320 1115 386 1173 qum
399 1097 442 1155 illi
451 1098 571 1173 percipi
583 1096 695 1169 dicant,
708 1095 825 1174 seipsis
838 1097 941 1154 ositeri.

142 1193 197 1253 uis
210 1193 366 1272 expositis,
386 1194 536 1272 quomodo
552 1193 750 1254 introductum
765 1206 795 1252 et
811 1193 999 1252 coustitutum
1016 1189 1055 1250 sit
1067 1209 1140 1268 pro-
1217 1259 1221 1273 ,

103 1287 221 1362 babile,
241 1289 274 1348 id
287 1291 412 1350 maxime
427 1292 475 1351 cui
488 1291 562 1350 nihil
575 1290 671 1352 obstet
682 1291 837 1370 quominus
852 1287 1047 1369 approbetur,
1070 1287 1150 1346 irri-·

105 1398 161 1446 tem
175 1386 262 1446 reddi
276 1389 443 1449 Luculleam
460 1389 675 1470 perspicuitatis
689 1389 898 1450 defensionem.
919 1387 971 1448 Uti
984 1399 1140 1462 utrimnque

103 1484 265 1564 eapientem
279 1483 432 1544 sensibus:
443 1486 531 1548 modo
545 1486 625 1566 quod
639 1486 687 1546 liic
701 1487 831 1565 ipsorum
841 1503 976 1544 sensuum
989 1481 1073 1553 visis,
1093 1492 1140 1537 ut-

103 1594 172 1658 pote
187 1581 361 1653 fallacibus,
379 1601 438 1640 nou
453 1586 637 1657 essentiatur,
652 1590 667 1657 ς
683 1584 747 1642 105.
761 1589 863 1661 Neque
889 1581 1056 1640 memoriam
1072 1577 1140 1635 inde

103 1679 213 1738 nubam
228 1699 306 1752 esse,
319 1679 344 1739 si
355 1679 429 1740 nibil
444 1681 638 1761 percipiatur,
658 1700 748 1759 quum
762 1681 848 1739 etiam
862 1698 922 1738 non
933 1690 1070 1756 percepta
1082 1694 1139 1733 me-

102 1775 220 1836 minisse
237 1775 332 1836 liceat.
349 1781 442 1836 Preve
463 1779 540 1838 enim
560 1777 635 1838 bene
654 1775 691 1836 ab
712 1778 768 1836 illis
784 1788 987 1854 perceptarum
1004 1791 1140 1850 compre·
1199 1795 1207 1814 ¹

103 1871 320 1950 benssrumque
333 1893 432 1934 rerum
447 1874 520 1948 dici,
534 1877 645 1956 qnippe
657 1895 748 1954 quum
757 1875 843 1934 etiem
853 1873 1011 1942 falsorum,
1031 1891 1095 1948 quas
1105 1891 1141 1928 ex

103 1989 137 2028 ex
148 1970 270 2030 illorum
284 1973 543 2053 seutentiapercipi
552 1985 713 2051 nequeant,
722 1971 945 2032 meminerimus.
960 1973 1043 2030 Stare
1054 1969 1141 2026 etiam

103 2080 180 2128 artes
192 2081 223 2126 et
237 2067 420 2146 disciplinam
432 2071 540 2130 scilicet
556 2090 621 2148 quar
632 2071 718 2148 ipsae,
731 2089 761 2130 se
775 2068 929 2128 maximam
945 2078 1058 2145 partem
1069 2085 1142 2124 con-

100 2163 214 2240 jectura
228 2164 300 2236 niti,
316 2165 478 2237 fateantur,
491 2173 506 2239 s
521 2168 589 2239 noo,
606 2186 671 2239 ¹⁰7·

140 2259 202 2319 Sed
224 2261 257 2318 in
275 2259 392 2320 duobus
409 2261 455 2321 his
469 2263 593 2322 maxime
613 2281 707 2322 cause
724 2279 827 2321 eorum
848 2257 995 2320 cardinem
1016 2259 1138 2318 versari.

105 2361 127 2416 1.
142 2358 224 2418 Fieri
246 2379 306 2416 non
322 2379 424 2437 posse,
445 2371 476 2418 ut
497 2360 562 2438 quie
579 2361 653 2421 nulli
669 2360 710 2420 rei
731 2360 912 2418 assentiatur.
932 2361 971 2418 11.
991 2361 1058 2417 Non
1076 2357 1141 2416 dari

104 2453 209 2532 mendi
225 2455 385 2528 rationem,
412 2476 444 2516 re
461 2458 540 2516 nulle
554 2477 672 2516 assensn
688 2455 888 2536 comprobata.
912 2459 952 2514 At
965 2454 1047 2532 prius
1063 2454 1140 2512 clare

104 2552 238 2621 Panaetii,
258 2553 331 2611 tanti
343 2552 421 2612 iuter
432 2555 546 2613 Stoicos
559 2554 631 2626 viri,
643 2555 777 2634 exemplo
788 2553 897 2624 reielli,
917 2553 967 2630 qui
981 2551 1141 2610 divinatio-

104 2669 183 2720 nem,
204 2669 268 2710 rem
280 2649 387 2710 Stoicis
403 2652 523 2729 reliquis
542 2652 745 2724 certissimum,
763 2671 881 2712 assensu
898 2668 953 2708 suo
971 2649 1141 2706 confirnmre

102 2743 219 2806 dubitet
234 2767 242 2802 :
258 2745 397 2824 quodque
408 2748 477 2806 huie
491 2749 597 2822 liceat,
616 2748 647 2808 id
660 2749 782 2828 sapienti
796 2747 833 2808 de
849 2744 967 2822 reliquis
980 2761 1097 2821 quoqoe
1111 2745 1142 2802 li·

32 2837 39 2850 ’
104 2863 187 2916 cere3
211 2843 323 2922 quippe
343 2844 393 2904 cui
414 2843 557 2906 dubitatio
571 2845 739 2906 liberasses
752 2843 871 2914 debeat,
892 2842 981 2919 idque
994 2839 1139 2910 maxime,
1233 2845 1237 2853 '

103 2957 211 3016 (lum,
227 2953 472 3014 assensnremoto,
487 2941 721 3021 probabilitatem
729 2937 1064 3018 nibilimpeditemseqni
1073 2955 1140 3014 pos·

103 3037 147 3096 sit.
166 3042 203 3100 lu
219 3039 382 3116 posteriore
402 3052 468 3100 ante
480 3041 578 3100 omnia
592 3039 781 3118 quaerendum
791 3057 870 3107 esse,
890 3036 921 3094 in
933 3053 993 3114 quo
1004 3032 1078 3092 odeo
1091 3053 1140 3092 es·

103 3153 203 3196 teneus
214 3149 359 3213 ponatur;
372 3157 463 3216 quum
474 3158 574 3198 sensus
588 3137 764 3216 ipsosStoici
772 3130 1090 3195 assensusessedicent:
1102 3129 1139 3188 ed
1163 3160 1166 3169 ·

102 3250 177 3308 quos
193 3251 286 3310 quum
304 3234 463 3312 appetendi
478 3236 519 3294 vis
540 3255 570 3294 se
582 3235 722 3314 applicet,
742 3232 824 3311 sequi
840 3231 881 3290 sio
896 3227 1048 3288 ostionem.
1068 3226 1140 3286 lude

103 3347 218 3388 omnem
234 3329 388 3390 veritatem
405 3331 470 3390 tolli
480 3330 557 3402 dici,
578 3332 603 3391 si
615 3331 745 3390 visorum
760 3329 866 3388 veritas
888 3325 1018 3385 tolletur.
1044 3328 1139 3398 Quem

103 3443 181 3497 rem,
193 3426 293 3504 multis
309 3425 347 3486 eb
361 3440 483 3506 utruque
494 3441 577 3507 perte
591 3441 620 3486 et
633 3427 717 3488 dictis
729 3439 759 3485 et
772 3423 887 3502 scriptis
899 3423 1049 3500 agitatam,
1066 3439 1141 3498 pou-

103 3521 144 3580 eis
158 3535 251 3582 totam
268 3543 355 3602 posse
366 3523 473 3586 dirimi.
489 3525 572 3589 Licet
585 3526 663 3584 enim
678 3527 757 3604 ipse,
770 3541 905 3582 assensus
916 3518 1072 3592 cohibere,
1088 3517 1144 3580 dit-

104 3619 262 3682 ieillimam
275 3641 337 3681 rem
346 3621 473 3699 judicet,
487 3637 518 3682 et
530 3643 598 3682 cum
609 3622 804 3693 Clitomacho,
818 3620 897 3680 bunc
909 3617 992 3695 quiesi
1006 3614 1141 3676 Herculis

104 3715 233 3780 laborem
248 3720 411 3781 exentlcese
423 3719 621 3793 Carneadem,
636 3719 751 3792 eredat,
765 3717 946 3786 assensione,
962 3733 1027 3792 qum
1038 3711 1139 3770 cadom

104 3831 168 3874 eum
174 3817 347 3894 opinatione
358 3817 396 3876 sit
404 3829 434 3876 et
443 3816 618 3890 temeritate,
635 3815 844 3875 velutinunani
856 3813 953 3872 bellua
961 3855 971 3884 ,
989 3831 1025 3870 en
1037 3808 1140 3868 culmis

105 3921 232 3972 extrema
249 3935 257 3970 :
272 3925 390 3984 maren,
407 3912 488 3972 sircl
500 3911 562 3972 lurco
573 3932 619 3972 res
630 3913 659 3970 in
673 3911 840 3972 defensione
852 3918 1054 3987 proterretur,
1066 3901 1138 3960 nihil

106 4007 222 4084 referre,
238 4028 333 4087 quum
345 4007 408 4084 ejus
418 4008 562 4086 judicium
571 4009 601 4068 in
612 4008 724 4086 egendo
733 4007 805 4066 nibil
818 4004 1002 4086 impediatur,
1015 3998 1141 4078 quipro-

107 4099 224 4177 botta,
241 4105 352 4186 quibus
366 4105 441 4166 nibil
454 4105 567 4179 obstet,
582 4119 729 4184 sequetur.
745 4109 819 4166 lstoe
833 4121 950 4182 quoque
964 4094 1095 4177 plurimis
1108 4093 1139 4154 in
