2776 4688
254 435 297 506 72
613 411 938 483 mrsouocrro.

249 537 290 601 D.
324 533 525 622 Augustinus
560 533 606 621 (1)
632 534 900 598 Academicorum
937 533 1104 621 probabile
1128 535 1328 626 impugnat,

250 655 283 704 et
312 661 376 728 qua
409 661 476 702 una
508 661 544 702 os
575 638 636 722 illis
668 639 840 704 occlusisse
870 637 994 720 credit,
1032 639 1197 719 Carneade
1232 642 1329 704 solu-

250 763 321 811 tore
339 767 406 808 non
432 761 513 834 eget.
531 777 544 802 a
557 745 664 828 Nihil,
693 747 819 835 inquit,
837 745 1035 810 Academicis
1053 747 1229 812 verisimile
1248 769 1328 824 esse

250 871 362 940 posse,
381 873 483 938 quum
500 851 581 914 nihil
596 851 665 916 reri
682 853 851 941 cognitum
872 851 933 915 sibi
952 851 1012 940 ipsi
1027 850 1200 917 fateantur.
1225 854 1328 935 Quo-

249 955 351 1021 modo
367 957 454 1020 enim
469 958 541 1044 quis
558 956 662 1022 simile
678 958 842 1046 quippiam
854 955 976 1044 judioet
988 957 1019 1020 ei‘
1030 958 1093 1034 rei,
1107 981 1205 1045 quam
1220 981 1326 1020 num·

252 1085 349 1151 quam
368 1061 528 1127 viderit?-
539 1063 644 1127 Latini
663 1063 750 1128 enim
768 1064 858 1128 verbi
876 1063 1050 1128 Verisimile
1065 1069 1235 1127 notatione
1251 1079 1328 1128 tota

249 1171 317 1235 haec
330 1171 568 1260 argumentatio
578 1171 711 1254 nititur,
728 1193 789 1236 nec
799 1169 950 1236 adversus
962 1171 1091 1236 Graecos
1106 1171 1328 1235 Academicos

248 1278 353 1367 rogari
368 1293 493 1365 potest,
511 1278 568 1365 qui
586 1288 686 1341 πιθανὸν
700 1296 733 1343 et
743 1289 868 1341 πιὶοισοαι
887 1301 921 1342 se
936 1277 1067 1359 dicunt3
1086 1301 1124 1341 ac
1136 1301 1195 1342 nec
1207 1277 1329 1342 adver-

248 1403 304 1446 sus
322 1383 452 1448 Latinos
469 1381 617 1470 quidem,
631 1384 657 1447 si
667 1385 802 1472 probari
810 1383 870 1447 sibi
885 1383 1051 1472 quippiam
1066 1381 1175 1446 dicant
1191 1399 1225 1446 et
1236 1406 1327 1470 pro·

249 1488 350 1552 babile
369 1487 403 1551 id
421 1506 557 1570 vocent,
575 1511 642 1553 non
659 1513 737 1554 vero
756 1488 875 1571 simile,
894 1489 968 1572 sed,
988 1490 1014 1552 si
1032 1488 1171 1577 placeat,
1190 1489 1328 1578 perspi-

249 1617 314 1658 cuo
331 1593 443 1658 simile.
908 1657 912 1664 .

294 1699 347 1779 43.
368 1698 517 1783 Quadam
537 1702 631 1765 etiam
650 1702 707 1765 alia
733 1699 940 1766 distinctione
965 1701 1132 1766 evidentiae
1156 1703 1326 1788 impetum

249 1823 267 1864 e
286 1823 319 1866 se
342 1802 532 1890 propellunt
553 1802 754 1884 Academici,
771 1825 870 1891 quam
890 1801 1045 1867 Carneadi
1061 1803 1184 1867 auctori
1203 1802 1327 1865 tribuit

249 1905 410 1969 Eusebius
427 1906 499 1994 (a):
522 1936 535 1960 α
554 1907 694 1971 Differre
723 1887 884 1971 incertum
909 1923 942 1971 et
961 1907 1325 1995 incomprehensibile,

250 2026 346 2097 atque
369 2012 479 2074 omnia
498 2011 631 2099 quidem
652 2033 721 2076 esse
741 2013 1097 2101 incomprehensibilia,
1118 2035 1233 2076 verum
1251 2035 1325 2076 non

251 2115 361 2178 omnia
381 2137 450 2179 esse
467 2116 590 2180 incerta
602 2147 624 2181 a.
641 2117 746 2196 Hujus
766 2117 955 2186 differentis
969 2120 1002 2181 in
1020 2119 1155 2182 Lucullo
1173 2115 1219 2204 (3)
1235 2141 1328 2205 quo·

242 2241 316 2307 ¹qus
333 2220 456 2286 mentio
473 2222 555 2284 facta
575 2223 649 2285 est':
675 2223 763 2288 «Alii
788 2241 896 2288 autem
920 2224 1116 2312 elegantius,
1144 2225 1201 2311 qui
1222 2225 1327 2288 etiam

251 2341 451 2413 queruntur,
470 2324 560 2412 quod
579 2349 634 2392 eos
652 2328 877 2392 insimulemus
903 2331 1012 2392 omnia
1039 2329 1161 2393 incerta
1187 2327 1326 2393 dicere:

251 2445 477 2518 quantumque
489 2432 616 2496 intersit
626 2433 711 2497 inter
725 2433 904 2516 incertum,
922 2451 954 2498 et
968 2435 1003 2498 id
1015 2433 1104 2522 quod
1118 2435 1238 2523 percipi
1252 2457 1327 2500 non

188 2614 192 2620 1
251 2531 370 2619 possit,
398 2531 514 2596 dooere
533 2548 710 2616 conantur,
728 2557 829 2622 eaque
847 2534 1055 2624 distinguere.
1082 2539 1165 2600 Cum
1188 2536 1240 2600 his
1261 2537 1327 2626 igi-

252 2651 307 2700 tur
322 2659 456 2726 agamus
479 2637 535 2724 qui
558 2637 626 2702 haec
644 2638 871 2729 distinguunt,
895 2656 980 2704 etc.»
1000 2642 1046 2704 Ea
1061 2641 1270 2705 distinctione
1290 2643 1327 2706 id

251 2742 490 2832 significabant,
504 2765 571 2807 non
590 2745 699 2810 omnia
715 2769 749 2810 se
765 2747 809 2809 ita
825 2747 946 2810 incerta
962 2745 1084 2830 dicere,
1102 2764 1140 2812 ut
1155 2747 1326 2812 stellarum

253 2863 302 2912 est
320 2871 477 2924 numerus
495 2871 503 2913 t
522 2871 664 2938 namque
687 2852 834 2940 quinque
858 2874 892 2916 se
915 2851 1031 2941 digitos
1050 2853 1084 2915 in
1107 2854 1204 2917 altera
1220 2875 1327 2917 manu

252 2951 371 3018 habere
387 2969 512 3018 certum
529 2965 644 3040 putare
656 2971 689 3018 et
701 2955 911 3020 vehementer
928 2956 1113 3044 probabile,-
1131 2958 1164 3041 in
1184 2958 1223 3021 iis
1243 2981 1326 3022 vero

253 3079 325 3148 quae
335 3059 457 3124 incerta
471 3061 554 3141 sint,
568 3061 649 3124 nihil
664 3062 832 3149 probabile
848 3085 926 3126 esse.
944 3065 985 3126 Et
998 3063 1063 3127 hoc
1081 3067 1168 3127 enim
1185 3087 1223 3128 ex
1239 3067 1327 3129 Aca·

253 3165 455 3232 demicorum
482 3169 641 3233 sententia
667 3168 700 3230 in
722 3167 856 3232 Lucullo
873 3167 921 3256 (A)
948 3185 996 3232 est
1020 3169 1188 3256 scriptum.
1207 3170 1326 3251 Quum

254 3287 360 3336 tamen
387 3274 412 3335 si
434 3273 527 3362 greci
552 3275 702 3338 vocabuli
720 3277 793 3342 δῆλον
821 3291 853 3338 et
877 3275 967 3338 latini
994 3285 1112 3338 eertum
1131 3277 1272 3364 propriae
1290 3295 1327 3342 et

254 3389 348 3439 certe
364 3375 612 3463 significationes
631 3377 696 3440 sint
713 3375 935 3458 attendendae,
965 3379 1065 3448 multa
1084 3387 1175 3441 meast
1189 3383 1274 3447 teste
1290 3399 1327 3446 et

253 3479 431 3568 probabilia
445 3481 567 3545 incerta
581 3481 645 3546 dici
661 3479 751 3546 haud
765 3481 882 3563 injuria
896 3484 1032 3571 possint.
1320 3469 1322 3472 ¹

298 3591 352 3664 44.
369 3587 484 3651 Aiebat
505 3589 614 3676 itaque
634 3588 854 3661 Clitomachus
872 3589 945 3676 (uti
962 3590 1050 3679 apud
1067 3592 1258 3657 Ciceronem
1276 3593 1326 3682 (5)

287 3773 327 3848 (r)
344 3777 436 3834 Contra
449 3775 527 3823 Acrtl.
541 3775 629 3836 lib.11,
644 3793 701 3843 cap.
714 3793 738 3838 7,
752 3777 765 3826 fl
778 3785 802 3825 et
814 3793 858 3836 ra,
873 3787 933 3826 tom.
946 3779 966 3827 l.

288 3863 327 3931 (a)
345 3867 448 3927 Prosper.
462 3865 557 3926 Evang.
572 3863 615 3912 lib.
626 3865 699 3928 xlv,
713 3881 808 3930 cap.7,
822 3880 876 3930 pag.
891 3865 957 3936 736,
969 3865 994 3914 d.

288 3951 326 4017 (3)
343 3952 405 4015 Cap.
422 3965 462 3998 ro.

288 4041 324 4103 (t)
344 4042 405 4103 (br-
417 4040 460 4096 34-

288 4129 368 4194 (5)1u
382 4127 495 4186 Lucullo,
509 4141 564 4191 rep.
581 4127 623 4176 sa.
