2786 4674
250 359 320 430 628
590 363 637 428 M.
664 363 701 428 T.
729 363 970 430 CICERONIS

249 483 350 547 daces,
373 499 425 537 nec
445 499 503 538 non
525 480 628 538 multas
653 483 774 558 generis·
789 482 917 559 ejusdem
940 481 1014 540 alias
1036 482 1183 542 molestias
1205 484 1312 543 infert:

245 573 362 652 quando
381 573 467 648 igitur
481 591 586 650 corpus
600 572 672 650 ignis
687 573 864 650 potissimum
881 593 999 632 excessu
1014 574 1151 650 languet,
1174 578 1313 648 continua

243 665 323 730 lubre
339 663 467 724 laborat:
481 664 678 742 quandovero
692 666 784 736 aeris,
796 665 965 742 quotidiana
977 665 1102 724 discreta
1116 691 1123 722 ε
1139 686 1237 744 aquae,
1256 682 1313 727 ter-

244 759 339 828 tiana,
356 768 511 834 propterea
531 753 610 832 quod
628 775 703 832 aqua
720 756 834 833 segnior
846 769 890 814 est
905 775 990 834 quam
1006 757 1079 834 ignis
1097 770 1130 836 et
1148 778 1214 816 aer:
1226 773 1312 818 terrae

245 848 361 907 demum
387 867 524 918 excessu,
546 859 707 924 quartana,
736 861 813 904 terra
837 848 977 925 siquidem
999 849 1128 906 omnium
1151 850 1312 908 tardissima

243 955 348 1019 quarto
362 939 453 1018 gradu
467 958 558 1016 quum
571 938 623 1006 sit,
642 939 781 1016 temporis
800 939 922 998 circuitu
938 953 1042 1017 quarto
1056 941 1150 999 fervet
1166 942 1310 1001 deferret·

242 1054 298 1112 que
315 1032 401 1089 :binc
416 1041 572 1108 quartanas
586 1029 698 1088 invehit
713 1029 826 1101 lebres,
846 1049 911 1108 quae
926 1031 976 1089 vix
990 1051 1114 1108 seroque
1128 1047 1275 1091 sanantur.

283 1133 378 1202 Atque
399 1123 454 1180 hoc
477 1121 594 1200 quidem
618 1133 704 1198 pacto
728 1123 860 1200 corporis
881 1121 976 1180 morbi
1000 1124 1192 1201 contingunt:
1209 1125 1308 1182 munte

241 1237 312 1277 vero
329 1203 423 1274 morbi
435 1226 556 1292 propter
567 1213 698 1290 corporis
712 1211 842 1271 habitum
856 1213 896 1272 ita
910 1227 1086 1272 nascuntur:
1102 1213 1237 1272 morbum
1248 1217 1309 1272 ani-

242 1330 296 1368 mae
305 1305 476 1366 dementiam
492 1324 552 1362 esse
567 1323 714 1362 censemus
727 1327 733 1360 :
750 1303 811 1382 ejus
823 1325 929 1383 genera
941 1305 1000 1363 duo
1012 1307 1158 1385 ponimus,
1170 1307 1307 1364 insaniam

242 1415 273 1458 rt
289 1399 461 1478 imperitiam
478 1420 484 1454 :
508 1416 695 1474 quaecumque
711 1396 798 1474 igitur
818 1399 914 1474 passio
931 1400 1103 1456 alterutrum
1119 1400 1243 1458 istorum
1260 1401 1306 1457 in-

202 1513 205 1522 ¹
243 1495 308 1564 lert,
321 1491 408 1548 animi
421 1487 562 1566 aegritudo
571 1487 815 1566 estnuncnpanda
825 1511 832 1545 :
844 1489 951 1548 idcirco
961 1491 1125 1568 voluptates
1135 1490 1306 1569 doloresque

242 1585 398 1644 admodum
416 1582 598 1640 vehementes
611 1581 779 1639 morborum
794 1582 894 1640 animae
909 1585 1037 1641 omnium
1053 1584 1218 1661 gravissimi
1228 1585 1306 1662 judi-

241 1675 341 1734 candi:
357 1676 486 1753 quisquis
500 1673 576 1729 enim
589 1674 634 1730 vel
649 1674 735 1730 nimia
750 1675 833 1750 gestit
846 1675 955 1747 laetitia,
970 1675 1015 1732 vel
1030 1676 1119 1732 nimio
1133 1675 1238 1734 dolore
1251 1677 1303 1735 de·

240 1767 384 1846 primitur,
397 1766 466 1824 dum
476 1767 552 1824 illam
565 1765 676 1822 avidius
686 1765 935 1844 importuniusque
947 1767 1205 1838 adsciscere,hnnc
1215 1770 1305 1827 vitare

241 1865 347 1924 obnixe
363 1876 493 1934 conatur,
508 1883 602 1940 neque
613 1883 745 1934 cornere,
761 1883 855 1940 neque
868 1861 969 1922 audire
982 1877 1059 1921 recte
1073 1865 1236 1942 quidquam
1251 1884 1305 1943 po-

245 1971 314 2030 test,
337 1957 386 2016 sed
403 1956 484 2015 rabie
503 1957 587 2022 furit,
603 1955 676 2012 etin
698 1974 734 2012 eo
751 1955 852 2014 habitu
872 1957 1044 2014 constitutus
1058 1955 1177 2016 minime
1191 1959 1305 2016 rationis

245 2065 287 2108 est
304 2069 442 2128 compos:
461 2049 593 2126 quivero
608 2047 734 2124 plurimo
750 2048 899 2125 fluidoque
914 2048 991 2105 circa
1007 2047 1163 2107 medullam
1180 2049 1305 2108 abundat

245 2140 371 2212 semine,
384 2152 471 2216 atque
481 2155 513 2197 ut
526 2137 615 2196 arbor
629 2138 761 2216 pluribus
772 2157 858 2216 quam
872 2140 1024 2198 conveniat
1037 2140 1180 2199 fructibus
1191 2143 1306 2220 gravida

246 2233 333 2290 nimia
348 2231 477 2290 ubertate
490 2231 625 2303 luxuriat,
639 2231 805 2308 isprosecto
817 2220 913 2290 multis
926 2233 1032 2309 passim
1043 2232 1207 2306 doloribus,
1213 2235 1306 2292 multis

246 2325 313 2382 item
324 2321 520 2399 voluptatibus
534 2323 563 2378 in
580 2321 749 2380 libidinibus
764 2323 831 2400 ipsis
845 2343 1002 2400 earumque
1021 2323 1137 2382 soetibus
1153 2311 1305 2384 fructibus·

246 2435 302 2492 que
316 2415 452 2484 affectus,
468 2425 648 2489 peromnem
663 2407 752 2470 lerme
766 2415 855 2472 vitam
873 2413 912 2472 ob
927 2415 1056 2491 ingentes
1068 2415 1237 2495 voluptates
1254 2417 1304 2476 do-

248 2509 379 2584 loresque
396 2506 501 2564 insanit
518 2524 551 2562 ac
570 2504 656 2561 lurit:
679 2525 828 2583 quumque
843 2505 928 2582 hujus
944 2507 1055 2564 animus
1069 2522 1192 2586 propter
1204 2529 1304 2587 eorpus

247 2621 322 2678 aeger
332 2600 369 2656 ait
380 2611 466 2676 atque
478 2595 632 2673 insipiens,
646 2598 734 2674 vulgo
749 2609 844 2655 tamen
857 2617 914 2654 non
925 2617 1010 2675 aeger,
1025 2599 1075 2656 sed
1090 2620 1146 2678 pro
1161 2602 1304 2663 voluntate

249 2713 317 2762 sua,
331 2703 364 2750 ut
377 2689 464 2762 tibet,
493 2688 613 2747 allectus
632 2687 706 2762 salso
727 2701 864 2766 putatur:
889 2689 993 2748 veritas
1014 2704 1110 2749 autem
1136 2694 1178 2750 sic
1200 2693 1302 2752 habet:

247 2803 350 2862 nempe
364 2800 553 2840 venerearum
570 2781 788 2858 intemperantia
804 2781 925 2838 maxima
940 2801 975 2839 ex
989 2795 1071 2860 parte
1084 2796 1208 2863 propter
1221 2805 1302 2864 gene-

249 2877 288 2934 ris
301 2876 386 2932 unius
396 2872 542 2942 habitum,
553 2890 607 2949 per
619 2873 724 2929 ossium
738 2874 884 2930 raritatem
902 2873 932 2929 in
949 2892 1073 2952 corpore
1090 2875 1235 2934 lubricum
1247 2897 1302 2936 ma-

247 2966 419 3042 didumque,
431 2963 519 3021 animi
530 2962 678 3020 iufirmitas
692 2976 750 3021 est:
764 2983 796 3021 ac
808 2964 898 3020 ferme
911 2965 1002 3022 omnis
1012 2966 1195 3043 voluptatum
1207 2969 1302 3028 incon-

247 3057 381 3126 tinentia,
398 3073 479 3132 quae,
495 3053 615 3133 perinde
630 3071 663 3110 ao
677 3055 702 3112 si
714 3067 817 3132 sponte
833 3055 959 3133 improbi
970 3056 1071 3129 simus,
1085 3059 1248 3137 vintperari
1257 3083 1302 3120 so-

248 3151 305 3218 let,
328 3168 387 3206 non
413 3159 490 3205 reete
512 3147 551 3206 ita
577 3147 772 3224 vituperatur:
793 3165 877 3205 nemo
905 3149 980 3206 enim
1003 3163 1105 3227 sponte
1125 3153 1237 3225 malus,
1256 3154 1300 3213 sed

247 3253 368 3320 propter
384 3257 508 3318 pravum
524 3237 676 3316 quemdam
693 3241 824 3318 corporis
837 3237 967 3298 habitum
982 3241 1140 3320 rudemque
1155 3243 1300 3305 educatio-

248 3353 313 3390 nem
332 3331 422 3389 malus
441 3329 533 3388 omnis
552 3329 585 3386 lit
603 3324 709 3388 malus:
724 3330 857 3388 omnibus
877 3345 971 3390 autem
989 3332 1111 3392 adversa
1130 3336 1299 3414 inimicaque

249 3425 303 3481 ista
326 3434 406 3492 sunt,
431 3436 460 3479 et
484 3421 559 3478 mala
579 3422 721 3498 noxiaque
742 3424 931 3498 contingunt:
949 3443 1048 3482 rursus
1062 3424 1298 3490 doloreafflictus

248 3514 360 3570 animus
375 3512 504 3570 similiter
519 3526 639 3589 propter
654 3532 760 3588 corpus
779 3514 808 3570 in
825 3513 996 3591 pravitatem
1011 3515 1166 3594 plurimam
1184 3519 1296 3578 incidit:

247 3606 319 3664 acris
332 3605 408 3662 enim
421 3617 450 3662 et
462 3606 563 3664 infesta
575 3605 692 3683 pituita,
705 3607 795 3664 amari
805 3607 871 3664 item
885 3607 1018 3686 lelleique
1031 3609 1177 3684 humores,
1188 3613 1297 3690 quando

247 3697 416 3754 oberrantes
430 3716 483 3773 per
498 3716 604 3774 eorpus
619 3716 677 3754 non
690 3697 840 3768 exhalant,
857 3697 906 3758 sed
919 3719 972 3776 per
987 3701 1096 3760 viscera
1114 3705 1240 3762 revoluti
1250 3725 1297 3762 ra-

246 3808 346 3866 pnrem
356 3808 437 3846 stuun
449 3787 644 3865 penetralibus
652 3789 753 3846 animae
763 3789 853 3867 ipsius
863 3790 1027 3864 infundunt,
1040 3792 1193 3872 languores
1203 3796 1295 3854 anime

245 3884 354 3953 varios,
370 3893 399 3938 et
413 3880 501 3958 tnagis
515 3893 543 3937 et
560 3881 668 3950 minus,
694 3895 753 3940 tum
769 3883 880 3960 plnres,
904 3896 963 3942 tum
983 3887 1134 3962 partciores
1154 3889 1293 3946 efficiunt:

243 3974 429 4047 perferuntur
443 3991 510 4028 sane
525 3969 561 4029 ad
577 3984 633 4030 tres
649 3973 750 4031 animae
760 3972 841 4033 sedes
859 3974 995 4036 humores
1008 3995 1189 4056 vaporesque
1206 3980 1293 4056 hujus·
