2770 4688
280 408 316 474 r.
343 405 584 477 venemur
612 407 890 476 Acennmm.
1072 406 1120 503 69

95 531 158 606 lo.
172 528 293 592 Tamen
310 527 499 592 hominibus
517 526 663 616 quoedam
680 529 855 616 phantasiae
869 547 951 592 verte
969 526 1121 594 videntur

74 655 106 696 ae
119 632 305 721 probantur;
323 631 470 720 quaedem
487 633 573 697 salem
589 631 742 698 ridentur
760 649 858 721 etque
878 633 1117 721 improbantur.
1197 696 1201 704 ,

76 740 144 821 Qne
156 761 236 804 veroe
251 739 406 805 videntur
422 751 537 814 niteret,
556 739 590 803 id
608 756 674 822 est,
690 739 886 829 probabiles,
907 755 940 802 et
956 749 1071 819 ἐμφάσεις
1087 757 1120 805 et
1175 781 1176 784 =

74 855 156 908 eree
174 843 371 910 Academicis
396 863 564 910 vocentur.
590 847 671 930 Quen
692 868 770 911 vero
790 847 875 910 faisse
895 844 1058 910 habentur
1083 870 1120 912 ac

73 949 300 1038 improbantur,
324 959 455 1027 tellure,
480 949 596 1033 idest,
617 950 852 1038 improbabiles,
869 964 902 1030 et
917 961 1071 1031 ἀπιμφάσιις
1087 967 1121 1015 et

73 1063 172 1117 tutem
185 1056 227 1121 ab
241 1055 358 1120 iisdem
374 1055 538 1122 dicuntur.
552 1057 665 1139 Quum
683 1057 782 1147 igitur
796 1058 946 1122 homines
960 1081 1027 1121 non
1041 1060 1122 1121 otio·

72 1179 115 1222 sos
130 1160 160 1223 in
175 1161 241 1226 rita
257 1183 329 1225 esse
348 1177 510 1250 oporteat,
526 1161 584 1227 sed
604 1163 725 1226 moveri
742 1179 775 1226 et
793 1185 888 1252 ogere
900 1163 1042 1250 aliquid,
1055 1164 1121 1227 hu·

72 1287 214 1355 maraque
239 1269 347 1332 omnis
371 1269 515 1358 cognitio
534 1269 827 1356 (Academicorum
852 1287 958 1358 partes
981 1269 1120 1359 egimus,

72 1393 121 1434 nec
136 1373 286 1438 exanimi
304 1375 408 1438 nostri
425 1375 584 1440 sententia
607 1375 791 1463 loquimur)
812 1392 844 1442 et
859 1377 1024 1465 perceptio
1042 1397 1118 1463 pro·

72 1475 216 1542 habilitate
231 1478 372 1567 amplius
380 1478 460 1567 quid
476 1501 543 1543 non
561 1495 764 1568 assequatnr;
779 1478 937 1568 probabili
954 1477 1129 1569 phantasia·

72 1586 234 1648 necessario
258 1585 321 1649 erit
337 1583 508 1670 utendum.
534 1585 610 1650 Haec
632 1587 718 1648 enirn
737 1602 785 1649 est
802 1584 1000 1650 Academicis
1016 1586 1119 1651 Crite-

70 1687 140 1751 rium
156 1687 219 1777 (r),
244 1712 314 1754 non
346 1689 480 1778 quidem
507 1691 657 1768 Veritatis
681 1689 845 1776 (namque
869 1691 966 1770 hujus
991 1689 1118 1753 nullum

70 1813 158 1880 usque
173 1795 285 1859 adhuc
308 1795 496 1883 constitit),
513 1795 570 1860 sed
591 1811 634 1859 τοῦ
648 1811 762 1870 πιθανοῦ,
780 1793 814 1860 id
836 1813 905 1874 est,
920 1795 1116 1883 probabilis,

70 1897 145 1983 quod
161 1899 196 1963 in
212 1901 287 1964 vites
302 1901 484 1966 actionibus
500 1918 597 1988 atque
615 1900 827 1965 eleotionibus
847 1899 1027 1988 officiisque
1046 1923 1118 1964 om·

70 2001 150 2068 nibus
164 2021 197 2070 et
215 2005 353 2080 decretis
369 2007 460 2094 sequi
478 2003 658 2070 Carneades
670 1993 782 2087 jussit,
808 2021 840 2068 et
855 2007 970 2070 sectari
988 2027 1022 2070 se
1036 2007 1119 2069 Aca·

70 2105 169 2175 demini
183 2112 390 2200 profitentem.
399 2116 509 2201 Atque
525 2113 586 2177 hac
604 2135 669 2176 una
685 2135 720 2175 re
736 2112 900 2200 Sapientes
917 2135 951 2176 se
960 2127 1076 2206 putant
1087 2130 1120 2176 et

70 2212 162 2280 habeti
187 2219 327 2301 volunt,
354 2219 513 2308 Sapientia
546 2242 582 2284 ea
612 2242 683 2307 quae
710 2219 899 2282 hominibus
930 2219 1119 2308 contingere

70 2322 169 2405 possit,
184 2323 312 2387 etiarnsi
325 2324 516 2388 nihilsciant
529 2346 636 2413 neque
652 2323 944 2412 comprehendant:
958 2339 995 2387 ut
1004 2325 1042 2389 D.
1054 2327 1119 2388 Au·

70 2425 201 2509 pullum
219 2427 254 2491 in
272 2427 362 2492 libris
377 2427 530 2494 adversus
554 2451 609 2493 eos
629 2429 755 2517 scriptis
779 2444 915 2492 testatur
927 2428 985 2515 (e).
1005 2429 1119 2510 Quum
1150 2483 1154 2490 .

69 2547 159 2595 eutem
175 2532 246 2598 aliis
263 2531 323 2597 elia
343 2534 468 2598 veriora
483 2533 652 2598 videantur
674 2551 706 2598 et
725 2535 824 2624 magis
843 2534 1040 2622 probentur,
1057 2535 1117 2598 ‚illa

69 2634 199 2723 amplecti
211 2655 364 2726 oportere
376 2640 482 2722 aiunt,
499 2661 571 2727 quee
588 2639 804 2727 probabiliore
818 2639 1071 2720 judicabuntur,
1085 2658 1119 2704 et

69 2744 232 2808 aenesius
248 2759 282 2809 et
299 2760 420 2809 attente
435 2747 536 2835 magis
560 2747 626 2809 sint
648 2747 841 2828 examinata,
859 2762 891 2810 et
908 2743 1120 2812 considerem.

69 2843 189 2914 Earero
206 2849 402 2915 examinatio
426 2868 459 2914 et
481 2851 727 2940 circumspectio
750 2874 817 2915 non
840 2867 890 2915 est
914 2851 1066 2915 omnibus
1085 2852 1118 2914 in

69 2951 150 3018 rebus
164 2955 297 3044 aequalis
313 2955 553 3045 impendenda,
572 2955 629 3022 sed
648 2958 756 3037 major.
766 2959 929 3040 minorve,
952 2974 1052 3044 prout
1068 2980 1119 3022 res

69 3054 102 3120 de
117 3083 176 3147 qua
193 3062 319 3150 agitur,
343 3085 481 3151 quaeque
510 3064 543 3125 in
571 3061 835 3128 deliberationem
860 3061 965 3140 venit,
990 3063 1119 3142 majoris

68 3177 115 3225 eut
127 3167 261 3230 minoris
276 3169 433 3232 momenti
454 3167 554 3233 fuerit
577 3168 740 3232 aestimeta.
767 3167 921 3232 Universa
942 3167 1009 3230 haee
1029 3189 1120 3231 nore

69 3267 231 3338 Academiae
259 3273 341 3337 ratio
362 3296 402 3338 ex
420 3272 629 3357 Clitomachi,
655 3271 826 3338 Carneadis
855 3271 1022 3360 discipuli,
1041 3273 1121 3338 loeis

69 3369 184 3442 duobus
195 3380 230 3442 in
243 3379 411 3443 Ciceronis
420 3379 557 3444 Lucullo
568 3379 615 3468 (3)
630 3380 735 3443 relatis
752 3377 953 3442 manifestior
968 3377 1014 3443 fit.
1026 3381 1122 3444 «Duo

68 3479 198 3572 (inquit)
216 3485 324 3573 placet
340 3507 409 3552 esse
421 3486 579 3552 Carneadi
591 3487 735 3551 visorum
747 3507 874 3574 genera.
888 3487 933 3550 ·In
951 3508 1020 3550 uno
1037 3486 1120 3552 hanc

68 3583 245 3656 divisionem
264 3590 460 3681 [Stoicam]:
479 3591 562 3656 Alia
583 3598 656 3656 ‘ursa
676 3615 742 3656 esse
756 3614 827 3680 quse
840 3593 966 3680 percipi
976 3595 1119 3680 possint,

68 3691 126 3756 abb
138 3719 208 3784 quoe
221 3721 287 3761 non
300 3700 437 3786 possint.
458 3701 496 3764 ln
516 3700 616 3763 altero
636 3714 747 3762 eutem
762 3720 771 3762 :
788 3697 869 3760 Alta
884 3702 957 3762 vrso
971 3721 1033 3762 esse
1041 3721 1120 3786 pru-

68 3794 192 3881 habau,
217 3801 285 3866 alia
299 3825 363 3867 non
374 3803 564 3891 probabilem
580 3805 693 3891 Itaque
708 3825 779 3890 quae
791 3819 904 3867 contra
916 3825 1029 3868 sensus
1041 3825 1121 3874 con·

96 3957 128 4022 (¹)
145 3961 175 4008 D·
189 3962 291 4026 August
303 3973 388 4011 eontra
401 3962 478 4012 head.
491 3963 534 4012 lib.
548 3965 598 4020 111,
611 3977 664 4026 erp.
676 3977 698 4021 r,
716 3968 776 4012 lom.
787 3967 808 4011 1.

96 4045 131 4110 (²)
149 4048 200 4096 bib.
215 4051 267 4109 111,
284 4055 452 4117 eap.'t,tonr.
467 4053 490 4100 1.

98 4133 131 4194 (3)
148 4137 209 4201 cip.
224 4139 266 4186 31.
307 4203 310 4210 ,
