<?xml version="1.0" encoding="UTF-8"?>
<!DOCTYPE html PUBLIC "-//W3C//DTD XHTML 1.0 Transitional//EN"
    "http://www.w3.org/TR/xhtml1/DTD/xhtml1-transitional.dtd">
<html xmlns="http://www.w3.org/1999/xhtml" xml:lang="en" lang="en">
 <head>
  <title>
</title>
<meta http-equiv="Content-Type" content="text/html;charset=utf-8" />
  <meta name='ocr-system' content='tesseract 3.04.00' />
  <meta name='ocr-capabilities' content='ocr_page ocr_carea ocr_par ocr_line ocrx_word'/>
</head>
<body>
  <div class='ocr_page' id='page_1' title='image "./mtciceronisquae01lemagoog_0034.png"; bbox 0 0 2776 4688; ppageno 0'>
   <div class='ocr_carea' id='block_1_1' title="bbox 260 375 1088 464">
    <p class='ocr_par' dir='ltr' id='par_1_1' title="bbox 260 375 1088 464">
     <span class='ocr_line' id='line_1_1' title="bbox 260 375 1088 464; baseline -0.002 -14"><span class='ocrx_word' id='word_1_1' title='bbox 260 381 304 464; x_wconf 77' lang='lat'>14</span> <span class='ocrx_word' id='word_1_2' title='bbox 489 377 539 446; x_wconf 79' lang='lat' dir='ltr'>tn</span> <span class='ocrx_word' id='word_1_3' title='bbox 559 375 798 446; x_wconf 80' lang='lat' dir='ltr'>ctcsnotns</span> <span class='ocrx_word' id='word_1_4' title='bbox 822 377 1088 448; x_wconf 66' lang='lat' dir='ltr'>tolosanos</span> 
     </span>
    </p>
   </div>
   <div class='ocr_carea' id='block_1_2' title="bbox 241 495 1327 1957">
    <p class='ocr_par' dir='ltr' id='par_1_2' title="bbox 241 495 1327 1957">
     <span class='ocr_line' id='line_1_2' title="bbox 257 495 1322 588; baseline 0.002 -24"><span class='ocrx_word' id='word_1_5' title='bbox 257 498 354 564; x_wconf 71' lang='lat' dir='ltr'>eritn.</span> <span class='ocrx_word' id='word_1_6' title='bbox 380 496 428 560; x_wconf 85' lang='lat' dir='ltr'>Ex</span> <span class='ocrx_word' id='word_1_7' title='bbox 454 517 517 582; x_wconf 86' lang='lat' dir='ltr'>qua</span> <span class='ocrx_word' id='word_1_8' title='bbox 541 495 689 566; x_wconf 86' lang='lat' dir='ltr'>locorum</span> <span class='ocrx_word' id='word_1_9' title='bbox 716 496 956 584; x_wconf 87' lang='lat' dir='ltr'>comparatione</span> <span class='ocrx_word' id='word_1_10' title='bbox 977 520 1045 561; x_wconf 93' lang='lat' dir='ltr'>non</span> <span class='ocrx_word' id='word_1_11' title='bbox 1070 500 1196 582; x_wconf 88' lang='lat' dir='ltr'>solum,</span> <span class='ocrx_word' id='word_1_12' title='bbox 1220 523 1322 588; x_wconf 88' lang='lat' dir='ltr'>quam</span> 
     </span>
     <span class='ocr_line' id='line_1_3' title="bbox 255 601 1321 694; baseline 0.003 -25"><span class='ocrx_word' id='word_1_13' title='bbox 255 601 529 694; x_wconf 79' lang='lat' dir='ltr'>intempestirein</span> <span class='ocrx_word' id='word_1_14' title='bbox 554 601 654 688; x_wconf 86' lang='lat' dir='ltr'>priori</span> <span class='ocrx_word' id='word_1_15' title='bbox 672 601 777 664; x_wconf 81' lang='lat' dir='ltr'><em>Lucili</em></span> <span class='ocrx_word' id='word_1_16' title='bbox 794 623 856 690; x_wconf 90' lang='lat' dir='ltr'>pro</span> <span class='ocrx_word' id='word_1_17' title='bbox 880 601 1012 667; x_wconf 87' lang='lat' dir='ltr'>Lucullo</span> <span class='ocrx_word' id='word_1_18' title='bbox 1034 604 1150 694; x_wconf 80' lang='lat' dir='ltr'>corrigi</span> <span class='ocrx_word' id='word_1_19' title='bbox 1165 605 1321 690; x_wconf 86' lang='lat' dir='ltr'>jubeant,</span> 
     </span>
     <span class='ocr_line' id='line_1_4' title="bbox 253 705 1322 799; baseline 0.004 -27"><span class='ocrx_word' id='word_1_20' title='bbox 253 725 369 799; x_wconf 86' lang='lat' dir='ltr'>patet:</span> <span class='ocrx_word' id='word_1_21' title='bbox 388 706 444 770; x_wconf 89' lang='lat' dir='ltr'>sed</span> <span class='ocrx_word' id='word_1_22' title='bbox 463 707 526 771; x_wconf 91' lang='lat' dir='ltr'>hoc</span> <span class='ocrx_word' id='word_1_23' title='bbox 544 705 620 771; x_wconf 89' lang='lat' dir='ltr'>inde</span> <span class='ocrx_word' id='word_1_24' title='bbox 638 706 733 770; x_wconf 89' lang='lat' dir='ltr'>etiam</span> <span class='ocrx_word' id='word_1_25' title='bbox 756 707 829 795; x_wconf 88' lang='lat' dir='ltr'>plus</span> <span class='ocrx_word' id='word_1_26' title='bbox 851 709 1139 795; x_wconf 82' lang='lat' dir='ltr'>quamverisimile</span> <span class='ocrx_word' id='word_1_27' title='bbox 1160 710 1322 796; x_wconf 81' lang='lat' dir='ltr'>redditur,</span> 
     </span>
     <span class='ocr_line' id='line_1_5' title="bbox 254 809 1322 902; baseline 0.006 -27"><span class='ocrx_word' id='word_1_28' title='bbox 254 844 268 870; x_wconf 83' lang='grc' dir='ltr'>ι</span> <span class='ocrx_word' id='word_1_29' title='bbox 277 814 454 877; x_wconf 89' lang='lat' dir='ltr'>Varronem</span> <span class='ocrx_word' id='word_1_30' title='bbox 461 812 528 892; x_wconf 82' lang='lat' dir='ltr'>jam</span> <span class='ocrx_word' id='word_1_31' title='bbox 540 827 612 875; x_wconf 88' lang='lat' dir='ltr'>tum</span> <span class='ocrx_word' id='word_1_32' title='bbox 623 809 782 900; x_wconf 88' lang='lat' dir='ltr'>descripto</span> <span class='ocrx_word' id='word_1_33' title='bbox 790 811 914 876; x_wconf 82' lang='lat' dir='ltr'>Luculli</span> <span class='ocrx_word' id='word_1_34' title='bbox 923 814 1070 902; x_wconf 84' lang='lat' dir='ltr'>exemplo</span> <span class='ocrx_word' id='word_1_35' title='bbox 1079 837 1175 880; x_wconf 90' lang='lat' dir='ltr'>usum</span> <span class='ocrx_word' id='word_1_36' title='bbox 1187 816 1322 900; x_wconf 73' lang='lat' dir='ltr'>luisse»,</span> 
     </span>
     <span class='ocr_line' id='line_1_6' title="bbox 256 917 1321 1007; baseline 0.003 -24"><span class='ocrx_word' id='word_1_37' title='bbox 256 918 356 1006; x_wconf 87' lang='lat' dir='ltr'>idque</span> <span class='ocrx_word' id='word_1_38' title='bbox 376 941 415 982; x_wconf 86' lang='lat' dir='ltr'>eo</span> <span class='ocrx_word' id='word_1_39' title='bbox 435 934 602 1006; x_wconf 89' lang='lat' dir='ltr'>tempore,</span> <span class='ocrx_word' id='word_1_40' title='bbox 625 939 692 1004; x_wconf 90' lang='lat' dir='ltr'>quo</span> <span class='ocrx_word' id='word_1_41' title='bbox 716 917 830 982; x_wconf 83' lang='lat' dir='ltr'>Cicero</span> <span class='ocrx_word' id='word_1_42' title='bbox 847 917 918 982; x_wconf 90' lang='lat' dir='ltr'>illos</span> <span class='ocrx_word' id='word_1_43' title='bbox 936 918 1023 1007; x_wconf 89' lang='lat' dir='ltr'>ipsos</span> <span class='ocrx_word' id='word_1_44' title='bbox 1041 937 1181 1007; x_wconf 85' lang='lat' dir='ltr'>quatuor</span> <span class='ocrx_word' id='word_1_45' title='bbox 1196 921 1321 1003; x_wconf 86' lang='lat' dir='ltr'>libros,</span> 
     </span>
     <span class='ocr_line' id='line_1_7' title="bbox 241 1021 1322 1115; baseline 0.003 -27"><span class='ocrx_word' id='word_1_46' title='bbox 241 1107 243 1111; x_wconf 68' lang='lat'>,</span> <span class='ocrx_word' id='word_1_47' title='bbox 256 1023 297 1088; x_wconf 89' lang='lat' dir='ltr'>ad</span> <span class='ocrx_word' id='word_1_48' title='bbox 310 1045 385 1088; x_wconf 89' lang='lat' dir='ltr'>eum</span> <span class='ocrx_word' id='word_1_49' title='bbox 395 1022 588 1104; x_wconf 81' lang='lat' dir='ltr'>nsittendos,</span> <span class='ocrx_word' id='word_1_50' title='bbox 599 1021 896 1112; x_wconf 72' lang='lat' dir='ltr'>pollebatddditur</span> <span class='ocrx_word' id='word_1_51' title='bbox 903 1026 989 1088; x_wconf 88' lang='lat' dir='ltr'>enim</span> <span class='ocrx_word' id='word_1_52' title='bbox 1003 1024 1115 1090; x_wconf 84' lang='lat' dir='ltr'>eadem</span> <span class='ocrx_word' id='word_1_53' title='bbox 1123 1027 1155 1090; x_wconf 88' lang='lat' dir='ltr'>in</span> <span class='ocrx_word' id='word_1_54' title='bbox 1168 1027 1322 1115; x_wconf 86' lang='lat' dir='ltr'>epistola:</span> 
     </span>
     <span class='ocr_line' id='line_1_8' title="bbox 255 1127 1322 1220; baseline 0.01 -34"><span class='ocrx_word' id='word_1_55' title='bbox 255 1129 405 1194; x_wconf 75' lang='lat' dir='ltr'>«Varroni</span> <span class='ocrx_word' id='word_1_56' title='bbox 416 1127 548 1216; x_wconf 86' lang='lat' dir='ltr'>quidem</span> <span class='ocrx_word' id='word_1_57' title='bbox 563 1151 634 1216; x_wconf 80' lang='lat' dir='ltr'>quae</span> <span class='ocrx_word' id='word_1_58' title='bbox 643 1129 754 1218; x_wconf 89' lang='lat' dir='ltr'>scripsi</span> <span class='ocrx_word' id='word_1_59' title='bbox 766 1144 799 1193; x_wconf 87' lang='lat' dir='ltr'>te</span> <span class='ocrx_word' id='word_1_60' title='bbox 809 1147 957 1213; x_wconf 89' lang='lat' dir='ltr'>auctore,</span> <span class='ocrx_word' id='word_1_61' title='bbox 969 1131 1013 1195; x_wconf 88' lang='lat' dir='ltr'>ita</span> <span class='ocrx_word' id='word_1_62' title='bbox 1025 1154 1165 1220; x_wconf 89' lang='lat' dir='ltr'>propem</span> <span class='ocrx_word' id='word_1_63' title='bbox 1176 1133 1322 1215; x_wconf 85' lang='lat' dir='ltr'>mittere,</span> 
     </span>
     <span class='ocr_line' id='line_1_9' title="bbox 257 1233 1324 1319; baseline 0.004 -21"><span class='ocrx_word' id='word_1_64' title='bbox 257 1251 295 1298; x_wconf 90' lang='lat' dir='ltr'>ut</span> <span class='ocrx_word' id='word_1_65' title='bbox 309 1235 376 1314; x_wconf 82' lang='lat' dir='ltr'>jam</span> <span class='ocrx_word' id='word_1_66' title='bbox 397 1237 535 1298; x_wconf 83' lang='lat' dir='ltr'>Romam</span> <span class='ocrx_word' id='word_1_67' title='bbox 557 1235 699 1298; x_wconf 82' lang='lat' dir='ltr'>miserim</span> <span class='ocrx_word' id='word_1_68' title='bbox 718 1233 936 1300; x_wconf 80' lang='lat' dir='ltr'>describenda.</span> <span class='ocrx_word' id='word_1_69' title='bbox 960 1237 1023 1318; x_wconf 86' lang='lat' dir='ltr'>Ea,</span> <span class='ocrx_word' id='word_1_70' title='bbox 1046 1237 1191 1319; x_wconf 82' lang='lat' dir='ltr'>siroles,</span> <span class='ocrx_word' id='word_1_71' title='bbox 1213 1239 1324 1302; x_wconf 85' lang='lat' dir='ltr'>statim</span> 
     </span>
     <span class='ocr_line' id='line_1_10' title="bbox 256 1336 1326 1427; baseline 0.002 -23"><span class='ocrx_word' id='word_1_72' title='bbox 256 1337 408 1404; x_wconf 87' lang='lat' dir='ltr'>habebis:</span> <span class='ocrx_word' id='word_1_73' title='bbox 423 1337 534 1427; x_wconf 76' lang='lat' dir='ltr'>scripsi</span> <span class='ocrx_word' id='word_1_74' title='bbox 546 1337 634 1401; x_wconf 89' lang='lat' dir='ltr'>enim</span> <span class='ocrx_word' id='word_1_75' title='bbox 647 1336 687 1401; x_wconf 87' lang='lat' dir='ltr'>ad</span> <span class='ocrx_word' id='word_1_76' title='bbox 702 1338 865 1421; x_wconf 88' lang='lat' dir='ltr'>librarios,</span> <span class='ocrx_word' id='word_1_77' title='bbox 877 1355 916 1403; x_wconf 91' lang='lat' dir='ltr'>ut</span> <span class='ocrx_word' id='word_1_78' title='bbox 925 1338 1016 1424; x_wconf 88' lang='lat' dir='ltr'>fieret</span> <span class='ocrx_word' id='word_1_79' title='bbox 1026 1341 1108 1422; x_wconf 90' lang='lat' dir='ltr'>tuis,</span> <span class='ocrx_word' id='word_1_80' title='bbox 1121 1341 1147 1404; x_wconf 91' lang='lat' dir='ltr'>si</span> <span class='ocrx_word' id='word_1_81' title='bbox 1159 1357 1196 1405; x_wconf 88' lang='lat' dir='ltr'>tu</span> <span class='ocrx_word' id='word_1_82' title='bbox 1207 1342 1326 1426; x_wconf 83' lang='lat' dir='ltr'>velles,</span> 
     </span>
     <span class='ocr_line' id='line_1_11' title="bbox 259 1442 1326 1535; baseline 0.004 -27"><span class='ocrx_word' id='word_1_83' title='bbox 259 1442 460 1508; x_wconf 86' lang='lat' dir='ltr'>describendi</span> <span class='ocrx_word' id='word_1_84' title='bbox 486 1459 654 1532; x_wconf 86' lang='lat' dir='ltr'>potestas:</span> <span class='ocrx_word' id='word_1_85' title='bbox 679 1467 716 1509; x_wconf 90' lang='lat' dir='ltr'>ea</span> <span class='ocrx_word' id='word_1_86' title='bbox 738 1465 816 1508; x_wconf 80' lang='lat' dir='ltr'>vero</span> <span class='ocrx_word' id='word_1_87' title='bbox 840 1445 1038 1528; x_wconf 81' lang='lat' dir='ltr'>continebis,</span> <span class='ocrx_word' id='word_1_88' title='bbox 1063 1446 1173 1534; x_wconf 90' lang='lat' dir='ltr'>quoad</span> <span class='ocrx_word' id='word_1_89' title='bbox 1195 1449 1266 1535; x_wconf 87' lang='lat' dir='ltr'>ipse</span> <span class='ocrx_word' id='word_1_90' title='bbox 1290 1465 1326 1511; x_wconf 81' lang='lat' dir='ltr'>te</span> 
     </span>
     <span class='ocr_line' id='line_1_12' title="bbox 257 1547 1324 1640; baseline 0.003 -27"><span class='ocrx_word' id='word_1_91' title='bbox 257 1549 384 1614; x_wconf 85' lang='lat' dir='ltr'>rideam</span> <span class='ocrx_word' id='word_1_92' title='bbox 393 1581 415 1613; x_wconf 70' lang='lat' dir='ltr'>a.</span> <span class='ocrx_word' id='word_1_93' title='bbox 428 1549 503 1613; x_wconf 91' lang='lat' dir='ltr'>Non</span> <span class='ocrx_word' id='word_1_94' title='bbox 517 1549 615 1638; x_wconf 81' lang='lat' dir='ltr'>igitur</span> <span class='ocrx_word' id='word_1_95' title='bbox 628 1547 669 1613; x_wconf 88' lang='lat' dir='ltr'>de</span> <span class='ocrx_word' id='word_1_96' title='bbox 680 1549 785 1613; x_wconf 88' lang='lat' dir='ltr'>alteris</span> <span class='ocrx_word' id='word_1_97' title='bbox 794 1548 991 1615; x_wconf 80' lang='lat' dir='ltr'>Academicis</span> <span class='ocrx_word' id='word_1_98' title='bbox 1004 1573 1111 1615; x_wconf 90' lang='lat' dir='ltr'>sermo</span> <span class='ocrx_word' id='word_1_99' title='bbox 1124 1574 1192 1616; x_wconf 91' lang='lat' dir='ltr'>esse</span> <span class='ocrx_word' id='word_1_100' title='bbox 1203 1568 1324 1640; x_wconf 85' lang='lat' dir='ltr'>potest.</span> 
     </span>
     <span class='ocr_line' id='line_1_13' title="bbox 257 1653 1325 1739; baseline 0 -17"><span class='ocrx_word' id='word_1_101' title='bbox 257 1653 382 1722; x_wconf 83' lang='lat' dir='ltr'>Laudat</span> <span class='ocrx_word' id='word_1_102' title='bbox 404 1671 513 1720; x_wconf 88' lang='lat' dir='ltr'>autem</span> <span class='ocrx_word' id='word_1_103' title='bbox 537 1653 683 1719; x_wconf 88' lang='lat' dir='ltr'>eamdem</span> <span class='ocrx_word' id='word_1_104' title='bbox 706 1677 775 1719; x_wconf 89' lang='lat' dir='ltr'>rem</span> <span class='ocrx_word' id='word_1_105' title='bbox 796 1655 926 1739; x_wconf 90' lang='lat' dir='ltr'>Cicero,</span> <span class='ocrx_word' id='word_1_106' title='bbox 949 1672 987 1720; x_wconf 89' lang='lat' dir='ltr'>ut</span> <span class='ocrx_word' id='word_1_107' title='bbox 1009 1657 1084 1721; x_wconf 88' lang='lat' dir='ltr'>alibi</span> <span class='ocrx_word' id='word_1_108' title='bbox 1106 1659 1200 1722; x_wconf 90' lang='lat' dir='ltr'>etiam</span> <span class='ocrx_word' id='word_1_109' title='bbox 1222 1658 1325 1734; x_wconf 83' lang='lat' dir='ltr'>solet,</span> 
     </span>
     <span class='ocr_line' id='line_1_14' title="bbox 257 1758 1327 1853; baseline -0.001 -25"><span class='ocrx_word' id='word_1_110' title='bbox 257 1784 328 1828; x_wconf 90' lang='lat' dir='ltr'>non·</span> <span class='ocrx_word' id='word_1_111' title='bbox 344 1761 439 1850; x_wconf 88' lang='lat' dir='ltr'>plane</span> <span class='ocrx_word' id='word_1_112' title='bbox 458 1758 571 1825; x_wconf 86' lang='lat' dir='ltr'>iisdem</span> <span class='ocrx_word' id='word_1_113' title='bbox 586 1759 709 1843; x_wconf 83' lang='lat' dir='ltr'>verbis,</span> <span class='ocrx_word' id='word_1_114' title='bbox 728 1761 786 1826; x_wconf 87' lang='lat' dir='ltr'>sed</span> <span class='ocrx_word' id='word_1_115' title='bbox 800 1783 897 1826; x_wconf 85' lang='lat' dir='ltr'>versu</span> <span class='ocrx_word' id='word_1_116' title='bbox 912 1785 952 1826; x_wconf 82' lang='lat' dir='ltr'>ex</span> <span class='ocrx_word' id='word_1_117' title='bbox 969 1779 1076 1827; x_wconf 76' lang='lat' dir='ltr'>vetere</span> <span class='ocrx_word' id='word_1_118' title='bbox 1097 1765 1206 1827; x_wconf 77' lang='lat' dir='ltr'>forsan</span> <span class='ocrx_word' id='word_1_119' title='bbox 1227 1779 1327 1853; x_wconf 88' lang='lat' dir='ltr'>poeta</span> 
     </span>
     <span class='ocr_line' id='line_1_15' title="bbox 257 1867 985 1957; baseline 0 -23"><span class='ocrx_word' id='word_1_120' title='bbox 257 1867 502 1934; x_wconf 88' lang='lat' dir='ltr'>accommodato</span> <span class='ocrx_word' id='word_1_121' title='bbox 517 1889 526 1932; x_wconf 73' lang='grc' dir='ltr'><strong>ε</strong></span> <span class='ocrx_word' id='word_1_122' title='bbox 541 1869 599 1956; x_wconf 88' lang='lat' dir='ltr'>qui</span> <span class='ocrx_word' id='word_1_123' title='bbox 613 1869 682 1957; x_wconf 91' lang='lat' dir='ltr'>ipse</span> <span class='ocrx_word' id='word_1_124' title='bbox 697 1868 788 1933; x_wconf 85' lang='lat' dir='ltr'>facile</span> <span class='ocrx_word' id='word_1_125' title='bbox 803 1869 848 1932; x_wconf 90' lang='lat' dir='ltr'>sio</span> <span class='ocrx_word' id='word_1_126' title='bbox 864 1869 985 1934; x_wconf 87' lang='lat' dir='ltr'>coibit:</span> 
     </span>
    </p>
   </div>
   <div class='ocr_carea' id='block_1_3' title="bbox 363 2015 1087 2101">
    <p class='ocr_par' dir='ltr' id='par_1_3' title="bbox 363 2015 1087 2101">
     <span class='ocr_line' id='line_1_16' title="bbox 363 2015 1087 2101; baseline 0 -16"><span class='ocrx_word' id='word_1_127' title='bbox 363 2035 485 2086; x_wconf 79' lang='lat' dir='ltr'>Sustineat</span> <span class='ocrx_word' id='word_1_128' title='bbox 496 2051 606 2095; x_wconf 76' lang='lat' dir='ltr'>emtum,</span> <span class='ocrx_word' id='word_1_129' title='bbox 617 2043 645 2082; x_wconf 91' lang='lat' dir='ltr'>ut</span> <span class='ocrx_word' id='word_1_130' title='bbox 654 2015 734 2084; x_wconf 80' lang='lat' dir='ltr'>bonus</span> <span class='ocrx_word' id='word_1_131' title='bbox 745 2051 812 2100; x_wconf 81' lang='lat' dir='ltr'>sequa</span> <span class='ocrx_word' id='word_1_132' title='bbox 824 2037 936 2101; x_wconf 73' lang='lat' dir='ltr'>agitator,</span> <span class='ocrx_word' id='word_1_133' title='bbox 946 2050 1087 2101; x_wconf 85' lang='lat' dir='ltr'>equosque:</span> 
     </span>
    </p>
   </div>
   <div class='ocr_carea' id='block_1_4' title="bbox 260 2179 1332 3430">
    <p class='ocr_par' dir='ltr' id='par_1_4' title="bbox 260 2179 1327 2375">
     <span class='ocr_line' id='line_1_17' title="bbox 260 2179 1327 2274; baseline 0.002 -28"><span class='ocrx_word' id='word_1_134' title='bbox 260 2203 336 2274; x_wconf 81' lang='lat' dir='ltr'>nam</span> <span class='ocrx_word' id='word_1_135' title='bbox 360 2196 392 2244; x_wconf 89' lang='lat' dir='ltr'>et</span> <span class='ocrx_word' id='word_1_136' title='bbox 410 2181 585 2244; x_wconf 82' lang='lat' dir='ltr'>verborum</span> <span class='ocrx_word' id='word_1_137' title='bbox 605 2179 790 2264; x_wconf 87' lang='lat' dir='ltr'>collocatio,</span> <span class='ocrx_word' id='word_1_138' title='bbox 812 2197 846 2246; x_wconf 91' lang='lat' dir='ltr'>et</span> <span class='ocrx_word' id='word_1_139' title='bbox 867 2204 961 2246; x_wconf 88' lang='lat' dir='ltr'>aures</span> <span class='ocrx_word' id='word_1_140' title='bbox 981 2183 1075 2270; x_wconf 86' lang='lat' dir='ltr'>ipsae,</span> <span class='ocrx_word' id='word_1_141' title='bbox 1099 2182 1327 2250; x_wconf 84' lang='lat' dir='ltr'>hexametrum</span> 
     </span>
     <span class='ocr_line' id='line_1_18' title="bbox 260 2285 529 2375; baseline -0.011 -24"><span class='ocrx_word' id='word_1_142' title='bbox 260 2285 391 2375; x_wconf 80' lang='lat' dir='ltr'>agnosci</span> <span class='ocrx_word' id='word_1_143' title='bbox 403 2285 529 2365; x_wconf 90' lang='lat' dir='ltr'>jubent.</span> 
     </span>
    </p>

    <p class='ocr_par' dir='ltr' id='par_1_5' title="bbox 260 2388 1332 3430">
     <span class='ocr_line' id='line_1_19' title="bbox 304 2388 1329 2481; baseline 0.004 -27"><span class='ocrx_word' id='word_1_144' title='bbox 304 2389 404 2473; x_wconf 88' lang='lat' dir='ltr'>Quod</span> <span class='ocrx_word' id='word_1_145' title='bbox 426 2390 452 2452; x_wconf 90' lang='lat' dir='ltr'>si</span> <span class='ocrx_word' id='word_1_146' title='bbox 474 2390 518 2453; x_wconf 89' lang='lat' dir='ltr'>ita</span> <span class='ocrx_word' id='word_1_147' title='bbox 536 2406 601 2473; x_wconf 86' lang='lat' dir='ltr'>est,</span> <span class='ocrx_word' id='word_1_148' title='bbox 620 2406 659 2454; x_wconf 89' lang='lat' dir='ltr'>ut</span> <span class='ocrx_word' id='word_1_149' title='bbox 678 2388 834 2474; x_wconf 82' lang='lat' dir='ltr'>diximus,</span> <span class='ocrx_word' id='word_1_150' title='bbox 854 2414 921 2455; x_wconf 90' lang='lat' dir='ltr'>non</span> <span class='ocrx_word' id='word_1_151' title='bbox 941 2391 1040 2456; x_wconf 87' lang='lat' dir='ltr'>modo</span> <span class='ocrx_word' id='word_1_152' title='bbox 1060 2391 1136 2456; x_wconf 90' lang='lat' dir='ltr'>inde</span> <span class='ocrx_word' id='word_1_153' title='bbox 1156 2391 1198 2456; x_wconf 86' lang='lat' dir='ltr'>de</span> <span class='ocrx_word' id='word_1_154' title='bbox 1214 2394 1329 2481; x_wconf 90' lang='lat' dir='ltr'>priore</span> 
     </span>
     <span class='ocr_line' id='line_1_20' title="bbox 260 2493 1329 2578; baseline 0.003 -17"><span class='ocrx_word' id='word_1_155' title='bbox 260 2493 382 2562; x_wconf 85' lang='lat' dir='ltr'>Acadd.</span> <span class='ocrx_word' id='word_1_156' title='bbox 405 2493 547 2558; x_wconf 87' lang='lat' dir='ltr'>editione</span> <span class='ocrx_word' id='word_1_157' title='bbox 568 2509 717 2558; x_wconf 77' lang='lat' dir='ltr'>constare</span> <span class='ocrx_word' id='word_1_158' title='bbox 734 2493 878 2578; x_wconf 72' lang='lat' dir='ltr'>videtur,</span> <span class='ocrx_word' id='word_1_159' title='bbox 899 2495 956 2559; x_wconf 86' lang='lat' dir='ltr'>sed</span> <span class='ocrx_word' id='word_1_160' title='bbox 977 2497 1074 2560; x_wconf 55' lang='lat' dir='ltr'>mam</span> <span class='ocrx_word' id='word_1_161' title='bbox 1093 2498 1161 2562; x_wconf 83' lang='lat' dir='ltr'>hsec</span> <span class='ocrx_word' id='word_1_162' title='bbox 1176 2498 1329 2564; x_wconf 75' lang='lat' dir='ltr'>vitorum</span> 
     </span>
     <span class='ocr_line' id='line_1_21' title="bbox 260 2598 1329 2687; baseline 0.002 -23"><span class='ocrx_word' id='word_1_163' title='bbox 260 2599 433 2666; x_wconf 89' lang='lat' dir='ltr'>doctorum</span> <span class='ocrx_word' id='word_1_164' title='bbox 462 2598 618 2662; x_wconf 88' lang='lat' dir='ltr'>sententia</span> <span class='ocrx_word' id='word_1_165' title='bbox 653 2599 860 2682; x_wconf 85' lang='lat' dir='ltr'>convellitur,</span> <span class='ocrx_word' id='word_1_166' title='bbox 884 2621 949 2687; x_wconf 82' lang='lat' dir='ltr'>qua</span> <span class='ocrx_word' id='word_1_167' title='bbox 977 2601 1118 2687; x_wconf 85' lang='lat' dir='ltr'>priorem</span> <span class='ocrx_word' id='word_1_168' title='bbox 1147 2601 1329 2666; x_wconf 85' lang='lat' dir='ltr'>editionem</span> 
     </span>
     <span class='ocr_line' id='line_1_22' title="bbox 260 2704 1329 2797; baseline 0 -23"><span class='ocrx_word' id='word_1_169' title='bbox 260 2723 425 2774; x_wconf 80' lang='lat' dir='ltr'>auctorem</span> <span class='ocrx_word' id='word_1_170' title='bbox 435 2704 587 2770; x_wconf 85' lang='lat' dir='ltr'>abolitam</span> <span class='ocrx_word' id='word_1_171' title='bbox 597 2705 734 2769; x_wconf 78' lang='lat' dir='ltr'>voluisse</span> <span class='ocrx_word' id='word_1_172' title='bbox 743 2721 869 2792; x_wconf 87' lang='lat' dir='ltr'>putant.</span> <span class='ocrx_word' id='word_1_173' title='bbox 890 2707 995 2770; x_wconf 83' lang='lat' dir='ltr'>immo</span> <span class='ocrx_word' id='word_1_174' title='bbox 1009 2707 1115 2781; x_wconf 78' lang='lat' dir='ltr'>verbis</span> <span class='ocrx_word' id='word_1_175' title='bbox 1128 2709 1188 2774; x_wconf 89' lang='lat' dir='ltr'>illis</span> <span class='ocrx_word' id='word_1_176' title='bbox 1203 2731 1254 2797; x_wconf 89' lang='lat' dir='ltr'>ep.</span> <span class='ocrx_word' id='word_1_177' title='bbox 1269 2710 1329 2794; x_wconf 83' lang='lat'>13,</span> 
     </span>
     <span class='ocr_line' id='line_1_23' title="bbox 261 2812 1330 2903; baseline 0.002 -26"><span class='ocrx_word' id='word_1_178' title='bbox 261 2814 379 2900; x_wconf 87' lang='lat' dir='ltr'>quibus</span> <span class='ocrx_word' id='word_1_179' title='bbox 395 2813 540 2876; x_wconf 82' lang='lat' dir='ltr'>Atticum</span> <span class='ocrx_word' id='word_1_180' title='bbox 553 2833 646 2898; x_wconf 70' lang='lat' dir='ltr'>equo</span> <span class='ocrx_word' id='word_1_181' title='bbox 660 2813 768 2876; x_wconf 89' lang='lat' dir='ltr'>animo</span> <span class='ocrx_word' id='word_1_182' title='bbox 784 2812 868 2876; x_wconf 85' lang='lat' dir='ltr'>farre</span> <span class='ocrx_word' id='word_1_183' title='bbox 878 2813 986 2894; x_wconf 89' lang='lat' dir='ltr'>jubet,</span> <span class='ocrx_word' id='word_1_184' title='bbox 1001 2815 1106 2900; x_wconf 88' lang='lat' dir='ltr'>quod,</span> <span class='ocrx_word' id='word_1_185' title='bbox 1122 2837 1194 2903; x_wconf 75' lang='lat' dir='ltr'>que</span> <span class='ocrx_word' id='word_1_186' title='bbox 1207 2816 1330 2903; x_wconf 88' lang='lat' dir='ltr'>prioris</span> 
     </span>
     <span class='ocr_line' id='line_1_24' title="bbox 261 2915 1332 3006; baseline 0.004 -24"><span class='ocrx_word' id='word_1_187' title='bbox 261 2915 411 2982; x_wconf 82' lang='lat' dir='ltr'>editionis</span> <span class='ocrx_word' id='word_1_188' title='bbox 424 2915 569 3003; x_wconf 83' lang='lat' dir='ltr'>exempla</span> <span class='ocrx_word' id='word_1_189' title='bbox 583 2916 644 3002; x_wconf 89' lang='lat' dir='ltr'>ipsi</span> <span class='ocrx_word' id='word_1_190' title='bbox 658 2915 816 3005; x_wconf 83' lang='lat' dir='ltr'>descripta</span> <span class='ocrx_word' id='word_1_191' title='bbox 830 2919 911 2999; x_wconf 87' lang='lat' dir='ltr'>sint,</span> <span class='ocrx_word' id='word_1_192' title='bbox 924 2935 1087 3006; x_wconf 88' lang='lat' dir='ltr'>emptores</span> <span class='ocrx_word' id='word_1_193' title='bbox 1098 2921 1204 2984; x_wconf 91' lang='lat' dir='ltr'>nullos</span> <span class='ocrx_word' id='word_1_194' title='bbox 1217 2939 1332 2987; x_wconf 86' lang='lat' dir='ltr'>essent</span> 
     </span>
     <span class='ocr_line' id='line_1_25' title="bbox 262 3021 1330 3112; baseline 0.004 -26"><span class='ocrx_word' id='word_1_195' title='bbox 262 3037 446 3110; x_wconf 82' lang='lat' dir='ltr'>repertura,</span> <span class='ocrx_word' id='word_1_196' title='bbox 469 3037 567 3109; x_wconf 89' lang='lat' dir='ltr'>atque</span> <span class='ocrx_word' id='word_1_197' title='bbox 587 3022 632 3084; x_wconf 89' lang='lat' dir='ltr'>ita</span> <span class='ocrx_word' id='word_1_198' title='bbox 655 3023 773 3086; x_wconf 80' lang='lat' dir='ltr'>frustra</span> <span class='ocrx_word' id='word_1_199' title='bbox 795 3021 951 3111; x_wconf 83' lang='lat' dir='ltr'>descripta</span> <span class='ocrx_word' id='word_1_200' title='bbox 977 3026 1100 3107; x_wconf 80' lang='lat' dir='ltr'>lorent3</span> <span class='ocrx_word' id='word_1_201' title='bbox 1121 3047 1221 3112; x_wconf 91' lang='lat' dir='ltr'>quum</span> <span class='ocrx_word' id='word_1_202' title='bbox 1240 3041 1330 3090; x_wconf 75' lang='lat' dir='ltr'>cene</span> 
     </span>
     <span class='ocr_line' id='line_1_26' title="bbox 262 3126 1331 3216; baseline 0.003 -25"><span class='ocrx_word' id='word_1_203' title='bbox 262 3129 329 3216; x_wconf 88' lang='lat' dir='ltr'>(sic</span> <span class='ocrx_word' id='word_1_204' title='bbox 357 3127 420 3192; x_wconf 90' lang='lat' dir='ltr'>illic</span> <span class='ocrx_word' id='word_1_205' title='bbox 445 3139 549 3191; x_wconf 73' lang='lat' dir='ltr'>sanun</span> <span class='ocrx_word' id='word_1_206' title='bbox 572 3126 754 3215; x_wconf 86' lang='lat' dir='ltr'>accipitur)</span> <span class='ocrx_word' id='word_1_207' title='bbox 780 3128 909 3192; x_wconf 86' lang='lat' dir='ltr'>alterius</span> <span class='ocrx_word' id='word_1_208' title='bbox 937 3127 1086 3194; x_wconf 85' lang='lat' dir='ltr'>editionis</span> <span class='ocrx_word' id='word_1_209' title='bbox 1113 3130 1235 3196; x_wconf 83' lang='lat' dir='ltr'>Aoadd.</span> <span class='ocrx_word' id='word_1_210' title='bbox 1259 3133 1331 3195; x_wconf 84' lang='lat' dir='ltr'>sint</span> 
     </span>
     <span class='ocr_line' id='line_1_27' title="bbox 262 3233 1329 3326; baseline 0.001 -25"><span class='ocrx_word' id='word_1_211' title='bbox 262 3233 494 3326; x_wconf 84' lang='lat' dir='ltr'>splendidiora,</span> <span class='ocrx_word' id='word_1_212' title='bbox 512 3233 675 3314; x_wconf 83' lang='lat' dir='ltr'>breviora,</span> <span class='ocrx_word' id='word_1_213' title='bbox 699 3233 841 3298; x_wconf 84' lang='lat' dir='ltr'>meliora.</span> <span class='ocrx_word' id='word_1_214' title='bbox 860 3237 967 3323; x_wconf 79' lang='lat' dir='ltr'>Atque</span> <span class='ocrx_word' id='word_1_215' title='bbox 988 3236 1034 3300; x_wconf 89' lang='lat' dir='ltr'>sic</span> <span class='ocrx_word' id='word_1_216' title='bbox 1056 3237 1151 3300; x_wconf 64' lang='lat' dir='ltr'>aiam</span> <span class='ocrx_word' id='word_1_217' title='bbox 1174 3254 1329 3319; x_wconf 87' lang='lat' dir='ltr'>nonest,</span> 
     </span>
     <span class='ocr_line' id='line_1_28' title="bbox 265 3337 1330 3430; baseline 0.002 -26"><span class='ocrx_word' id='word_1_218' title='bbox 265 3357 302 3404; x_wconf 90' lang='lat' dir='ltr'>ut</span> <span class='ocrx_word' id='word_1_219' title='bbox 319 3337 485 3419; x_wconf 82' lang='lat' dir='ltr'>offendas,</span> <span class='ocrx_word' id='word_1_220' title='bbox 504 3338 530 3402; x_wconf 91' lang='lat' dir='ltr'>si</span> <span class='ocrx_word' id='word_1_221' title='bbox 558 3340 718 3426; x_wconf 89' lang='lat' dir='ltr'>posterius</span> <span class='ocrx_word' id='word_1_222' title='bbox 742 3361 792 3427; x_wconf 91' lang='lat' dir='ltr'>ep.</span> <span class='ocrx_word' id='word_1_223' title='bbox 815 3338 854 3403; x_wconf 76' lang='lat'>32</span> <span class='ocrx_word' id='word_1_224' title='bbox 874 3341 1002 3423; x_wconf 87' lang='lat' dir='ltr'>Cicero,</span> <span class='ocrx_word' id='word_1_225' title='bbox 1023 3364 1125 3430; x_wconf 87' lang='lat' dir='ltr'>quum</span> <span class='ocrx_word' id='word_1_226' title='bbox 1146 3359 1252 3406; x_wconf 89' lang='lat' dir='ltr'>tamen</span> <span class='ocrx_word' id='word_1_227' title='bbox 1274 3343 1330 3406; x_wconf 88' lang='lat' dir='ltr'>rel</span> 
     </span>
    </p>
   </div>
   <div class='ocr_carea' id='block_1_5' title="bbox 262 3442 1329 4172">
    <p class='ocr_par' dir='ltr' id='par_1_6' title="bbox 262 3442 1329 4172">
     <span class='ocr_line' id='line_1_29' title="bbox 264 3442 1328 3536; baseline 0.002 -26"><span class='ocrx_word' id='word_1_228' title='bbox 264 3449 309 3510; x_wconf 89' lang='lat' dir='ltr'>sic</span> <span class='ocrx_word' id='word_1_229' title='bbox 335 3444 475 3532; x_wconf 87' lang='lat' dir='ltr'>priorem</span> <span class='ocrx_word' id='word_1_230' title='bbox 499 3442 676 3508; x_wconf 88' lang='lat' dir='ltr'>editionem</span> <span class='ocrx_word' id='word_1_231' title='bbox 695 3442 812 3531; x_wconf 87' lang='lat' dir='ltr'>cupide</span> <span class='ocrx_word' id='word_1_232' title='bbox 833 3445 897 3508; x_wconf 90' lang='lat' dir='ltr'>emi</span> <span class='ocrx_word' id='word_1_233' title='bbox 913 3445 1069 3530; x_wconf 84' lang='lat' dir='ltr'>audisset,</span> <span class='ocrx_word' id='word_1_234' title='bbox 1098 3448 1227 3536; x_wconf 85' lang='lat' dir='ltr'>utrique</span> <span class='ocrx_word' id='word_1_235' title='bbox 1255 3448 1328 3528; x_wconf 80' lang='lat' dir='ltr'>ejus</span> 
     </span>
     <span class='ocr_line' id='line_1_30' title="bbox 263 3550 1329 3643; baseline 0.004 -27"><span class='ocrx_word' id='word_1_236' title='bbox 263 3555 346 3617; x_wconf 89' lang='lat' dir='ltr'>libro</span> <span class='ocrx_word' id='word_1_237' title='bbox 362 3550 515 3639; x_wconf 72' lang='lat' dir='ltr'>prooemia</span> <span class='ocrx_word' id='word_1_238' title='bbox 532 3552 681 3638; x_wconf 78' lang='lat' dir='ltr'>promitti</span> <span class='ocrx_word' id='word_1_239' title='bbox 698 3553 1001 3640; x_wconf 84' lang='lat' dir='ltr'>curaverit,quibus</span> <span class='ocrx_word' id='word_1_240' title='bbox 1016 3555 1062 3637; x_wconf 89' lang='lat' dir='ltr'>is,</span> <span class='ocrx_word' id='word_1_241' title='bbox 1079 3557 1171 3637; x_wconf 85' lang='lat' dir='ltr'>cujus</span> <span class='ocrx_word' id='word_1_242' title='bbox 1185 3557 1329 3643; x_wconf 84' lang='lat' dir='ltr'>quisque</span> 
     </span>
     <span class='ocr_line' id='line_1_31' title="bbox 263 3655 1327 3748; baseline 0.002 -24"><span class='ocrx_word' id='word_1_243' title='bbox 263 3681 384 3724; x_wconf 88' lang='lat' dir='ltr'>nomen</span> <span class='ocrx_word' id='word_1_244' title='bbox 397 3658 430 3720; x_wconf 92' lang='lat' dir='ltr'>in</span> <span class='ocrx_word' id='word_1_245' title='bbox 445 3659 552 3720; x_wconf 80' lang='lat' dir='ltr'>fronte</span> <span class='ocrx_word' id='word_1_246' title='bbox 566 3659 711 3746; x_wconf 80' lang='lat' dir='ltr'>gerebat,</span> <span class='ocrx_word' id='word_1_247' title='bbox 726 3655 919 3723; x_wconf 83' lang='lat' dir='ltr'>laudaretur.</span> <span class='ocrx_word' id='word_1_248' title='bbox 934 3659 1016 3724; x_wconf 84' lang='lat' dir='ltr'>Nam</span> <span class='ocrx_word' id='word_1_249' title='bbox 1029 3661 1245 3748; x_wconf 88' lang='lat' dir='ltr'>multiplicatis</span> <span class='ocrx_word' id='word_1_250' title='bbox 1256 3663 1327 3741; x_wconf 85' lang='lat' dir='ltr'>jam</span> 
     </span>
     <span class='ocr_line' id='line_1_32' title="bbox 263 3763 1327 3858; baseline 0.003 -27"><span class='ocrx_word' id='word_1_251' title='bbox 263 3764 512 3852; x_wconf 86' lang='lat' dir='ltr'>exemplaribus,</span> <span class='ocrx_word' id='word_1_252' title='bbox 525 3763 705 3852; x_wconf 86' lang='lat' dir='ltr'>cupideque</span> <span class='ocrx_word' id='word_1_253' title='bbox 714 3767 841 3853; x_wconf 85' lang='lat' dir='ltr'>emptis,</span> <span class='ocrx_word' id='word_1_254' title='bbox 856 3787 961 3854; x_wconf 88' lang='lat' dir='ltr'>neque</span> <span class='ocrx_word' id='word_1_255' title='bbox 976 3767 1018 3833; x_wconf 90' lang='lat' dir='ltr'>de</span> <span class='ocrx_word' id='word_1_256' title='bbox 1031 3769 1268 3858; x_wconf 88' lang='lat' dir='ltr'>supprimendis</span> <span class='ocrx_word' id='word_1_257' title='bbox 1285 3771 1327 3834; x_wconf 85' lang='lat' dir='ltr'>iis</span> 
     </span>
     <span class='ocr_line' id='line_1_33' title="bbox 262 3870 1328 3964; baseline 0.003 -27"><span class='ocrx_word' id='word_1_258' title='bbox 262 3871 412 3962; x_wconf 83' lang='lat' dir='ltr'>cogitari,</span> <span class='ocrx_word' id='word_1_259' title='bbox 436 3889 545 3958; x_wconf 88' lang='lat' dir='ltr'>neque</span> <span class='ocrx_word' id='word_1_260' title='bbox 566 3870 688 3934; x_wconf 81' lang='lat' dir='ltr'>Atticus</span> <span class='ocrx_word' id='word_1_261' title='bbox 710 3872 811 3936; x_wconf 78' lang='lat' dir='ltr'>vetari</span> <span class='ocrx_word' id='word_1_262' title='bbox 835 3889 978 3961; x_wconf 86' lang='lat' dir='ltr'>poterat,</span> <span class='ocrx_word' id='word_1_263' title='bbox 1006 3875 1181 3962; x_wconf 74' lang='lat' dir='ltr'>quominus</span> <span class='ocrx_word' id='word_1_264' title='bbox 1204 3899 1242 3940; x_wconf 87' lang='lat' dir='ltr'>ea</span> <span class='ocrx_word' id='word_1_265' title='bbox 1265 3897 1328 3964; x_wconf 82' lang='lat' dir='ltr'>per</span> 
     </span>
     <span class='ocr_line' id='line_1_34' title="bbox 263 3974 1326 4060; baseline 0.004 -18"><span class='ocrx_word' id='word_1_266' title='bbox 263 3977 408 4042; x_wconf 88' lang='lat' dir='ltr'>librarios</span> <span class='ocrx_word' id='word_1_267' title='bbox 425 3998 501 4040; x_wconf 90' lang='lat' dir='ltr'>suos</span> <span class='ocrx_word' id='word_1_268' title='bbox 520 3974 657 4040; x_wconf 88' lang='lat' dir='ltr'>describi</span> <span class='ocrx_word' id='word_1_269' title='bbox 673 3995 815 4060; x_wconf 86' lang='lat' dir='ltr'>curaret,</span> <span class='ocrx_word' id='word_1_270' title='bbox 834 3979 896 4043; x_wconf 90' lang='lat' dir='ltr'>nisi</span> <span class='ocrx_word' id='word_1_271' title='bbox 906 3979 995 4044; x_wconf 48' lang='lat' dir='ltr'>¹forte</span> <span class='ocrx_word' id='word_1_272' title='bbox 1010 3981 1123 4044; x_wconf 89' lang='lat' dir='ltr'>Cicero</span> <span class='ocrx_word' id='word_1_273' title='bbox 1139 3980 1206 4044; x_wconf 88' lang='lat' dir='ltr'>aliis</span> <span class='ocrx_word' id='word_1_274' title='bbox 1223 3981 1326 4046; x_wconf 88' lang='lat' dir='ltr'>Sosiis</span> 
     </span>
     <span class='ocr_line' id='line_1_35' title="bbox 262 4080 1326 4172; baseline 0.004 -24"><span class='ocrx_word' id='word_1_275' title='bbox 262 4083 415 4148; x_wconf 88' lang='lat' dir='ltr'>lucellum</span> <span class='ocrx_word' id='word_1_276' title='bbox 434 4103 550 4172; x_wconf 82' lang='lat' dir='ltr'>augere</span> <span class='ocrx_word' id='word_1_277' title='bbox 573 4080 710 4148; x_wconf 82' lang='lat' dir='ltr'>voluisse</span> <span class='ocrx_word' id='word_1_278' title='bbox 729 4083 893 4170; x_wconf 89' lang='lat' dir='ltr'>putandus</span> <span class='ocrx_word' id='word_1_279' title='bbox 914 4102 973 4150; x_wconf 91' lang='lat' dir='ltr'>est.</span> <span class='ocrx_word' id='word_1_280' title='bbox 995 4085 1045 4160; x_wconf 86' lang='lat' dir='ltr'>lta</span> <span class='ocrx_word' id='word_1_281' title='bbox 1064 4107 1141 4149; x_wconf 88' lang='lat' dir='ltr'>sane</span> <span class='ocrx_word' id='word_1_282' title='bbox 1166 4085 1248 4150; x_wconf 78' lang='lat' dir='ltr'>facili</span> <span class='ocrx_word' id='word_1_283' title='bbox 1272 4087 1326 4152; x_wconf 75' lang='lat' dir='ltr'>via</span> 
     </span>
    </p>
   </div>
   <div class='ocr_carea' id='block_1_6' title="bbox 0 0 1397 4688">
    <p class='ocr_par' dir='ltr' id='par_1_7' title="bbox 0 0 1397 4688">
     <span class='ocr_line' id='line_1_36' title="bbox 0 0 1397 4688; baseline 0 0"><span class='ocrx_word' id='word_1_284' title='bbox 0 0 1397 4688; x_wconf 95' lang='lat' dir='ltr'> </span> 
     </span>
    </p>
   </div>
  </div>
 </body>
</html>
