2762 4682
255 373 318 446 132
593 373 642 439 Μ.
667 373 706 440 Τ.
733 372 977 442 CICERONIS

247 501 340 568 ratio
363 494 485 566 multis
504 489 632 564 officiis
652 493 875 592 implicatum
897 509 934 566 et
954 496 1189 568 constrictum
1210 511 1317 570 tene-

246 607 330 694 bat,
353 607 428 678 haec
445 604 582 676 inclusa
604 601 805 694 habebam3
820 619 877 693 et,
894 629 941 676 ne
957 603 1246 696 obsolescerent,
1262 632 1317 682 re-

245 716 448 804 novabam,
482 740 596 812 quum
638 714 796 804 licebat,
832 715 995 813 legendo.
1030 718 1136 788 Nunc
1165 733 1318 790 vernet

246 828 444 900 fortunae²⁰
469 827 678 923 gravissimo
700 827 888 924 perculsus
912 827 1081 914 vulnere,
1105 842 1142 898 et
1163 827 1336 920 admini,

246 942 417 1011 stratione
444 936 650 1036 reipublicae
675 936 867 1027 liberatus,
895 936 1029 1009 doloris
1053 936 1270 1010 medicinam
1295 963 1318 1008 a

245 1048 476 1148 philosophia
496 1060 602 1146 peto,
623 1061 659 1118 et
681 1050 745 1119 otii
768 1046 1048 1120 oblectationem
1067 1045 1181 1136 hano,
1201 1047 1319 1120 hone-

244 1161 433 1232 stissimam
456 1158 592 1253 judico.
621 1161 693 1230 Aut
714 1160 812 1230 enim
839 1159 926 1230 huic
946 1160 1039 1230 aetati
1065 1159 1136 1232 hoo
1158 1161 1318 1230 maxime

243 1287 369 1370 aptum
391 1285 464 1358 est3
483 1285 546 1341 aut
566 1272 609 1340 iis
630 1267 792 1359 rebusfl,
809 1271 839 1340 si
857 1294 947 1366 quas
965 1269 1091 1368 dignas
1109 1269 1216 1342 laude
1234 1293 1318 1367 ges·

243 1383 374 1467 simus,
399 1379 471 1451 hoo
495 1381 679 1477 inprimis
702 1395 1001 1470 consentaneum3
1037 1395 1100 1452 aut
1127 1381 1238 1452 etiam
1270 1379 1318 1452 ad

243 1505 387 1562 nostros
405 1490 499 1560 cives
517 1488 737 1562 erudiendos
755 1488 846 1560 nihil
863 1490 1006 1576 utilius;
1022 1503 1102 1578 aut,
1121 1491 1152 1560 si
1169 1489 1247 1562 haec
1267 1494 1319 1561 ita

243 1624 318 1670 non
346 1613 450 1685 sunt,
478 1598 571 1669 nihil
597 1598 694 1671 aliud
719 1599 842 1689 video,
866 1601 966 1697 quod
992 1625 1096 1698 agere
1119 1603 1319 1700 possimus.

191 1746 222 1782 ιι
241 1714 372 1782 Brutus
383 1720 415 1752 ²²
439 1707 587 1807 quidem
609 1725 753 1796 noster,
773 1709 952 1782 excellens
971 1711 1073 1782 omni
1088 1735 1223 1808 genere
1238 1711 1320 1784 lau-

241 1820 314 1906 dis,
337 1823 387 1892 sic
408 1819 676 1919 philosophiam
696 1821 815 1892 latinis
833 1821 943 1892 literis
961 1821 1204 1918 persequitur,
1222 1820 1320 1892 nihil

239 1945 282 2000 ut
303 1930 429 2002 iisdem
456 1930 501 2001 de
522 1929 632 2001 rebus
653 1933 789 2002 Graecia
811 1926 1058 2016 desideret²³;
1084 1943 1121 2000 et
1145 1929 1318 2001 eamdem

240 2153 374 2192 teneantur.
381 2141 422 2190 sio
432 2141 626 2205 procurationem
636 2141 697 2192 dicit
707 2141 751 2192 lib.
797 2157 845 2192 ss:
862 2163 875 2184 α
887 2142 914 2190 ἰιι
932 2142 1019 2192 celum
1036 2142 1109 2204 hujus
1128 2157 1235 2206 proetus
1249 2142 1319 2194 Ceto

240 2223 275 2270 111
294 2220 324 2269 de
344 2221 468 2285 Legibus:
494 2243 507 2262 ι
521 2221 570 2270 Sed
591 2238 675 2286 quero
691 2221 752 2286 quid
796 2221 891 2270 tollitur
900 2243 921 2271 a.
933 2221 1025 2287 Hujus,
1040 2221 1058 2272 i.
1074 2239 1097 2272 e.
1109 2224 1152 2286 qui
1164 2237 1232 2270 nune
1241 2223 1318 2272 vivit.

240 2317 323 2364 reapse
335 2300 366 2350 sit
380 2301 475 2364 turpius
487 2317 558 2364 quem
569 2303 620 2350 sine
634 2317 751 2367 procurs-
794 2301 848 2349 An.
863 2303 903 2360 X,
922 2315 961 2366 ep.
979 2315 1026 2350 11:
1043 2300 1126 2365 «quid
1147 2302 1214 2349 enim
1231 2301 1318 2350 dimus

239 2382 306 2428 none
320 2391 449 2429 senator».
464 2380 578 2431 Turnus.
793 2378 839 2426 lure
852 2380 1016 2440 juventute-5
1039 2380 1065 2430 h.
1088 2397 1110 2428 e.
1136 2379 1216 2444 qualis
1241 2395 1315 2430 nune

274 2474 315 2508 so.
336 2460 453 2508 Fortuna
465 2460 609 2525 gravissim
626 2458 751 2524 perculsus
794 2457 893 2521 quidem
906 2470 950 2507 est.
971 2459 1012 2508 §io
1030 2458 1087 2508 huie
1104 2458 1186 2516 «etad,
1209 2458 1239 2506 id
1259 2471 1316 2522 est,

238 2537 348 2585 uulnere.
363 2540 399 2586 lte
409 2539 459 2587 un.
470 2550 494 2586 et
506 2541 560 2588 llas.
572 2550 600 2586 nt
611 2536 704 2588 dudum
719 2537 751 2586 ed
793 2537 875 2594 senili,
889 2548 914 2588 et
930 2537 967 2586 tis
983 2539 1071 2602 rebus,
1089 2537 1173 2602 qmle·
1192 2539 1315 2604 equidem

236 2616 749 2668 b.l.l³et.Fsbersrsibendumessedoeuit.
794 2617 863 2681 gessi.
877 2618 909 2666 G.

236 2695 318 2760 Vulgo
326 2711 464 2761 percussio.
477 2701 542 2748 Bene
556 2698 587 2746 de
597 2699 686 2746 borum
695 2712 750 2746 ver·
830 2712 875 2746 ss.
895 2699 983 2746 Brutus
1002 2697 1101 2761 quidem
1120 2707 1212 2748 noster.
1228 2697 1315 2748 uude

236 2773 324 2824 borum
341 2775 479 2825 disorimine
497 2779 600 2841 exponit
618 2779 699 2826 Bremi
718 2776 752 2824 nd
793 2785 903 2824 veterum
924 2777 1012 2826 eximis
1032 2776 1116 2826 floruit
1139 2777 1247 2834 Brutus,
1271 2779 1314 2826 eui

236 2852 340 2918 Nepotis
360 2855 434 2904 Dion.
452 2858 487 2916 V,
505 2857 530 2906 3.
549 2855 652 2904 Pemelli
668 2866 751 2906 sutem
794 2855 884 2906 Cicero
897 2855 986 2904 librum
1002 2855 1181 2904 nobilissimum
1200 2855 1313 2914 dicavit,

236 2931 340 2979 vulnere
355 2934 415 2997 qnid
433 2935 482 2994 sit,
496 2945 583 2982 euotor
596 2934 648 2997 ipse
665 2933 749 2998 prodit
793 2945 819 2982 et
832 2935 947 3000 epistolis
959 2935 1055 2999 scripsit
1069 2935 1215 2984 notissimus.
1229 2937 1268 2984 De
1281 2951 1312 2984 eo

235 3011 309 3060 Tute.
318 3014 369 3071 111,
385 3029 432 3077 29,
445 3031 487 3075 72.
500 3013 604 3062 Peruelli
611 3013 748 3073 videturis,
793 3029 873 3078 nuper
894 3015 944 3078 egit
964 3015 1127 3064 Kindervster
1147 3013 1179 3062 sd
1201 3013 1257 3062 Cie.
1280 3013 1312 3062 de

235 3091 277 3152 qui
288 3091 390 3140 vennere
399 3094 433 3140 its
444 3103 522 3141 tectus
534 3102 580 3150 est,
592 3102 619 3140 ut
631 3091 663 3140 de
673 3092 749 3156 gradu
793 3093 851 3142 Net.
862 3096 937 3142 Deor.
945 3111 969 3142 r.
979 3097 1007 3154 1,
1017 3109 1046 3158 p.
1057 3094 1090 3154 78
1099 3130 1106 3154 ,
1115 3109 1183 3157 seqq.
1194 3092 1262 3142 obss.
1274 3095 1310 3142 Η.

236 3178 348 3232 statuque
364 3187 409 3218 suo
426 3171 499 3235 plene
519 3171 655 3232 dejicietur.
667 3172 698 3220 G.
713 3197 748 3208 --
784 3176 788 3184 '
830 3173 873 3221 23.
893 3173 934 3220 Sic
954 3170 1092 3237 philosoph.
1111 3172 1155 3222 lar.
1178 3171 1215 3222 lit.
1224 3186 1310 3234 perse·

235 3247 363 3296 Turnebus
377 3251 478 3312 conjicit
490 3252 638 3300 mentionem
648 3249 701 3300 lieri
717 3251 747 3299 de
792 3249 885 3315 quitur,
895 3251 958 3300 nihil
966 3263 993 3300 ut
1002 3249 1086 3298 iisdem
1096 3249 1203 3298 det-edm
1209 3247 1309 3296 Gneeia

236 3335 333 3374 mortue
352 3329 445 3388 Tullii,
468 3347 522 3393 que
543 3331 569 3378 in
590 3331 747 3379 matrimomo
792 3326 919 3378 desideret.
943 3330 1017 3378 Varie
1046 3338 1137 3376 tentata
1162 3327 1216 3376 heo
1242 3337 1308 3376 sunt.

236 3401 370 3452 llnlrbelln
379 3422 410 3454 ex
419 3419 491 3471 partu
504 3409 643 3458 decesserat.
653 3409 747 3474 Saepius
791 3409 907 3458 Turnebo
915 3405 1306 3474 plseet‚«nGreeindesideres·.
1358 3449 1359 3454 ,

235 3481 270 3528 sio
287 3479 382 3530 infinite
399 3485 486 3534 Cicero
506 3503 575 3536 cesus
594 3488 682 3550 hujus,
698 3489 747 3551 ipsi
791 3490 820 3537 P.
838 3490 935 3537 Menut.
955 3491 1061 3554 «Guges
1070 3485 1308 3550 desideres-,quod
1357 3537 1358 3543 ,

235 3570 285 3608 tum
299 3561 396 3620 acerbi,
409 3566 558 3614 mentionem
568 3566 655 3630 injicit.
670 3566 744 3616 Conf.
789 3569 855 3617 idem
873 3569 931 3616 lint.
948 3567 1043 3616 suadet.
1066 3566 1202 3616 lembus
1216 3567 1307 3614 Grecis
1356 3619 1357 3623 ,

235 3639 363 3698 ΛΜΗ,
383 3645 474 3706 epuli
790 3646 951 3710 desideres»,
974 3657 1003 3696 ut
1025 3645 1086 3694 olim
1109 3645 1235 3708 vulgatum
1262 3656 1306 3694 est

272 3734 314 3768 nr.
329 3723 379 3767 Aut
389 3721 418 3768 iis
431 3723 509 3771 rebus.
527 3723 570 3770 His
582 3740 613 3772 ex
624 3725 674 3772 Utt.
686 3725 742 3778 Bes.
789 3727 862 3774 Grut.
875 3747 887 3770 ι
900 3727 984 3776 Grec·
999 3724 1121 3774 desideret
1130 3745 1143 3765 ι
1155 3737 1162 3772 :
1176 3724 1219 3772 sed
1232 3724 1304 3787 quis?

234 3797 268 3857 E,
287 3815 334 3864 pro
348 3799 377 3848 iis
396 3801 447 3850 edit
466 3803 534 3852 Goer.
549 3803 622 3867 louge
637 3804 742 3868 potiori,
788 3795 871 3854 Dsr'is.
884 3827 896 3850 ι
909 3805 1003 3854 Grecis
1011 3803 1189 3852 desidereturo.
1201 3801 1248 3852 Sed
1257 3817 1305 3850 nos

233 3877 324 3940 inlust
336 3877 456 3940 lectione,
471 3897 573 3944 quum·
561 3882 640 3930 «huie
654 3884 742 3932 etati·
784 3883 849 3932 nihil
873 3884 1008 3948 quidquem
1034 3891 1153 3930 mutatum
1178 3879 1301 3930 volumus.
1352 3939 1353 3949 γ

231 3957 388 4017 precesserit.
398 3959 500 4008 Ponitur
513 3971 592 4009 sutem
606 3977 742 4025 pronomen
787 3963 876 4012 Sensus
896 3963 962 4010 enim
980 3973 1028 4020 est,
1045 3961 1155 4010 Brutm'
1147 3971 1181 4006 ue
1193 3954 1304 4023 pbiloso·

230 4031 563 4099 utroquetocotsusum,
555 4057 574 4088 ι.
584 4055 605 4089 e.
612 4039 743 4090 ntioneex
786 4041 869 4106 phiern
884 4039 1055 4104 lstinslingus
1074 4038 1206 4098 monuit,
1225 4048 1252 4085 ut
1266 4038 1303 4086 rel

150 4155 160 4166 ,
230 4117 613 4183 contextunbiqueexplioendr
626 4118 741 4182 Archo,
787 4121 880 4170 Grecis
888 4120 961 4186 plene
976 4119 1122 4178 astruens,
1139 4117 1303 4168 lieetlsism'li·
