2786 4674
246 321 318 396 616
583 331 631 398 M.
658 331 702 398 Τ.’
723 331 960 406 CICERONIS

243 445 444 508 vaticiniorum
465 449 637 529 interpretes
656 451 968 532 pronuntiatoresque,
991 452 1127 516 vocandi.
1146 461 1247 534 Atque
1259 456 1315 532 je-

244 540 320 598 coris
335 539 451 619 quidem
464 555 568 602 nature
582 542 622 602 ob
639 543 715 604 bauo
727 563 840 604 musam
855 545 919 604 talis
932 546 1007 604 iacta
1020 559 1064 604 est
1078 558 1108 604 et
1120 547 1150 604 iu
1166 569 1203 606 ea
1216 547 1314 617 sede,

243 649 301 708 qua
316 630 457 707 diximus,
476 634 632 706 collocata,
654 636 838 697 divinationis
855 637 963 707 scilicet
976 639 1089 716 gratias
1104 659 1137 698 ac
1154 640 1243 698 etiam
1261 641 1314 697 ni—

242 735 327 782 vente
342 743 520 804 unoquoque
540 727 640 786 talium
655 728 736 808 signa
753 729 877 789 clariora
897 731 1022 811 exprimi
1033 732 1127 794 solent
1139 753 1147 790 :
1159 733 1219 791 rita
1233 753 1312 790 vero

242 814 356 892 privato
367 817 479 880 cecitas
493 817 611 893 accidit,
622 841 675 880 uec
686 821 803 880 evidens
817 821 974 900 quidquam
989 824 1021 881 lit
1033 821 1162 884 vaticinii
1172 825 1309 902 signum

241 908 405 985 proximum
422 909 490 970 huic
504 911 541 970 ad
553 913 697 974 sinistram
714 913 840 972 locatum
853 927 897 973 est
909 914 995 992 bujus
1012 915 1105 992 gratia
1123 915 1285 980 membrum
1298 963 1311 987 ,

242 1013 275 1060 ut
290 1021 397 1080 purum
412 1003 469 1062 boc
487 1024 601 1084 semper
613 1006 780 1085 clarumque
796 1004 914 1078 reddat,
935 1018 964 1064 et
977 1007 1067 1066 instar
1079 1008 1190 1086 speculi
1206 1008 1308 1066 uiteus

241 1105 330 1172 atque
342 1097 543 1175 perspicuum,
557 1097 595 1156 ad
614 1098 809 1177 imaginesque
820 1098 1024 1176 exprimendas
1035 1099 1306 1161 accommodatum:

240 1202 437 1267 quapropter,
460 1189 578 1268 quaudo
606 1202 726 1270 propter
747 1189 878 1270 corporis
900 1187 1034 1250 morbum
1061 1191 1197 1252 sordibus
1216 1191 1308 1269 jecm

239 1279 387 1354 abundat,
408 1281 491 1341 lienis
503 1281 606 1342 raritas
618 1281 649 1340 id
665 1301 791 1362 purgans
803 1301 851 1342 eas
864 1281 1017 1350 combibit,
1031 1301 1122 1360 quum
1136 1281 1305 1342 membrum

240 1373 296 1432 boc
311 1393 469 1438 concavum
484 1374 522 1434 sit
540 1387 570 1434 et
588 1395 732 1454 exsangue
748 1397 755 1432 :
771 1374 847 1434 uude
868 1375 1065 1453 purgamentis
1083 1375 1235 1454 impletum
1252 1396 1306 1434 ex-

239 1466 343 1526 crescit
360 1479 508 1546 tunsasque
522 1467 619 1542 sauie;
632 1487 665 1526 ac
680 1487 795 1541 rursus,
818 1487 909 1547 quum
924 1466 1095 1525 mundatum
1114 1487 1222 1545 corpus
1239 1480 1304 1542 est,

240 1561 403 1624 restrictum
419 1559 450 1618 in
463 1579 494 1620 se
507 1559 601 1639 ipsum
614 1559 753 1630 considet,

278 1651 356 1727 Quid
373 1651 461 1732 igitur
481 1652 575 1712 anima
594 1654 730 1726 mortale,
753 1651 823 1731 quid
845 1652 973 1712 divinum
991 1650 1117 1724 habeat,
1137 1664 1167 1712 et
1179 1651 1252 1725 ubi,
1271 1665 1304 1712 ct

237 1743 425 1823 quibuscum,
434 1755 464 1804 et
472 1753 563 1824 qu'nre
576 1745 638 1804 hac
648 1745 724 1805 iuter
736 1765 767 1804 se
780 1744 923 1823 disjuncta
935 1746 1005 1832 siqt,
1018 1744 1145 1814 diximus
1156 1767 1163 1817 ς
1176 1759 1206 1804 at
1218 1745 1302 1823 quud

238 1856 342 1902 resera
359 1837 400 1896 ita
415 1836 469 1911 sit,
489 1849 523 1896 ut
542 1837 684 1912 diximus,
702 1837 743 1896 ita
764 1838 880 1903 demum
903 1857 1107 1908 assereremus,
1126 1837 1302 1901 sidicinum

236 1929 420 1991 confirmaret
438 1929 608 1992 oraculum:
624 1928 704 2008 quod
717 1949 787 1989 vero
808 1929 963 1989 verisimile
976 1931 1012 1992 sit
1025 1929 1065 1987 ita
1079 1949 1156 2004 esse,
1179 1943 1208 1988 ct
1222 1951 1302 1988 nurse

236 2033 266 2080 ot
279 2020 415 2100 deinceps
429 2019 595 2099 diligentius
610 2021 696 2080 etiam
710 2021 909 2099 investigando
924 2019 1086 2080 asseverare
1105 2041 1164 2079 non
1182 2019 1302 2080 dubita-
1324 2073 1328 2082 ,

236 2131 320 2173 muse
335 2126 421 2192 atque
435 2114 464 2172 in
483 2114 635 2192 praeseutia
653 2114 693 2172 ita
710 2115 747 2175 sit
760 2114 845 2178 nobis
857 2126 1015 2172 assertum:
1030 2112 1111 2190 quod
1127 2126 1223 2172 autem
1236 2113 1303 2172 baec

235 2204 375 2282 sequitur,
388 2206 518 2267 similiter
529 2219 571 2266 est
586 2207 783 2266 tractandum:
799 2207 942 2286 reliquum
955 2218 998 2264 est
1011 2205 1101 2274 euim,
1115 2225 1174 2282 qua
1186 2206 1301 2266 ratione

235 2310 339 2357 caetera
357 2297 487 2374 corporis
501 2297 631 2358 membra
647 2299 757 2378 digesta
775 2311 860 2372 sunt,
875 2315 1030 2366 enarrare:
1049 2296 1151 2374 itaque
1168 2296 1225 2356 bac
1243 2315 1300 2374 po-

236 2388 374 2448 tissimum
387 2389 499 2452 ratione
512 2404 644 2449 constare
655 2389 820 2451 haecdeect.
1156 2447 1160 2459 ,

273 2480 493 2560 cognoscebant
507 2482 548 2541 illi
563 2481 693 2559 proiecto
705 2483 798 2544 nostri
810 2481 922 2562 generis
936 2480 1125 2540 fabricatores
1137 2499 1192 2538 uos
1207 2479 1242 2550 ad
1256 2481 1299 2538 ci-

234 2573 305 2637 bum
327 2588 486 2653 potumque
507 2573 713 2654 intemperatos
744 2577 822 2648 lore,
848 2593 882 2640 ac
906 2585 1027 2653 propter
1046 2573 1206 2650 ingluviem
1232 2571 1299 2650 plus

232 2687 320 2744 quam
335 2666 438 2730 modus
459 2681 509 2726 aut
523 2667 677 2726 necessitas
696 2668 867 2746 postularit,
886 2685 923 2724 ex
936 2665 982 2725 bis
996 2678 1167 2743 sumpturos
1184 2685 1191 2719 :
1210 2663 1298 2741 igitur

230 2781 268 2819 ue
285 2757 398 2819 subitus
412 2765 533 2840 propter
545 2760 663 2819 morbos
677 2761 809 2820 interitus
823 2758 1006 2838 proveniret,
1027 2770 1115 2834 atque
1129 2757 1173 2814 ita
1188 2757 1296 2834 imper-

231 2853 337 2912 iectum
350 2872 419 2911 rnox
433 2843 523 2932 gebus
538 2854 658 2912 mortale
673 2853 833 2924 desineret,
845 2851 1011 2910 inferiorem
1028 2861 1159 2906 ventrem
1176 2847 1298 2909 fabrica·

229 2957 335 3006 verunt
358 2944 396 3004 ad
421 2945 633 3004 esculentorum
654 2946 913 3023 poculentorumve
934 2939 1233 3019 superabundantiam
1247 2961 1297 2998 ca-

228 3037 383 3115 piendam:
400 3057 466 3097 enm
487 3052 627 3117 praeterea
645 3038 730 3117 spiris
751 3037 953 3096 intestinorum
966 3032 1238 3110 circumplicavere,
1258 3052 1297 3090 ue

228 3127 325 3192 subito
339 3129 473 3188 alimenta
489 3128 573 3187 uobis
585 3143 730 3207 assumpta
742 3128 919 3202 defluerent,
930 3145 964 3186 ac
975 3144 1075 3184 rursus
1086 3125 1156 3182 novi
1166 3124 1296 3184 alimenti

228 3219 378 3282 mulestim
394 3219 548 3280 necessitas
569 3219 799 3280 immineret:ob
818 3221 897 3292 illam
915 3219 991 3290 euim
1009 3215 1215 3293 inexplebilem
1230 3235 1295 3294 per-

227 3321 404 3387 petuamque
416 3311 581 3388 voraginem
600 3331 691 3389 genus
707 3325 838 3377 nostnrm
856 3309 1048 3390 philosophiae
1072 3309 1248 3387 musiceque
1265 3323 1296 3366 et

226 3399 434 3462 moderationis
447 3403 540 3463 omnis
549 3423 653 3482 expers
667 3405 797 3464 relictum
810 3403 923 3476 luisset,
933 3398 975 3464 illi
988 3401 1075 3482 parti,
1088 3419 1155 3478 quae
1166 3400 1196 3458 in
1209 3399 1295 3459 uobis

227 3489 404 3552 divinissima
417 3507 473 3568 est,
486 3497 605 3563 minime
616 3495 822 3574 obsequntem.

264 3583 380 3644 Ossium
396 3605 468 3644 vero
492 3599 521 3645 et
533 3588 627 3648 carnis
645 3602 865 3665 ceterorumque
884 3584 1051 3664 hujusmodi
1071 3585 1112 3643 ita
1129 3599 1175 3643 est
1190 3598 1294 3644 natura

223 3675 403 3754 composita:
423 3675 468 3734 bis
482 3697 586 3758 nempe
608 3679 743 3744 omuibus
761 3679 894 3740 medullae
914 3677 1062 3757 generatio
1080 3677 1195 3735 initium
1220 3697 1294 3755 praa-
1318 3695 1322 3700 ·

220 3765 306 3828 buit:
322 3767 436 3832 uincula
450 3769 526 3826 enim
544 3772 610 3832 vira
622 3772 713 3842 illius,
733 3793 819 3852 quam
834 3771 929 3830 anima
945 3769 1063 3847 corpori
1074 3767 1178 3847 juncta
1193 3769 1288 3840 ducit,

221 3857 364 3936 applicata
375 3857 523 3932 medullae,
538 3879 575 3918 ex
587 3881 681 3940 eaque
697 3884 750 3942 per
763 3883 848 3922 omne
863 3861 996 3929 diducta,
1009 3861 1140 3920 vinciunt
1153 3861 1290 3920 fulciunt·

219 3969 276 4025 quc
297 3951 432 4030 corporis
449 3952 542 4014 nostri
565 3957 763 4033 compaginem
778 3945 867 4034 :ipsa
880 3975 951 4014 vero
969 3953 1094 4022 medulla
1110 3967 1154 4014 est
1171 3975 1208 4012 ex
1227 3956 1288 4012 aliis

217 4057 351 4116 generata
366 4067 372 4100 :
389 4057 455 4104 sunt
469 4044 586 4124 quidem
608 4048 742 4129 trianguli
756 4050 843 4128 primi
856 4047 974 4128 quidam
989 4061 1018 4107 et
1036 4045 1173 4124 indeflexi
1189 4048 1287 4106 laeves·
