2716 4686
57 425 1099 456 mmmmmmmmwmfflmwnmmmmm

294 641 847 752 ARGUMENTUM

62 883 166 952 iussu
182 885 313 954 eamr
332 885 496 973 Quone
515 885 688 956 uusrar
705 837 1093 958 actuumcouun.

55 1094 207 1156 Ρτοωωίῑιω
231 1093 326 1172 ipsam
352 1092 493 1152 semuncia
516 1093 577 1151 nati
597 1093 779 1153 occasionem
801 1094 891 1174 iirtgit.
913 1095 1054 1155 Varronis
1076 1097 1106 1156 in

84 1195 202 1250 Cumano
216 1209 270 1250 suo
280 1191 438 1260 adventus,
448 1203 478 1249 et
491 1187 638 1249 excusatio
648 1235 656 1264 ,
666 1192 746 1269 quod
761 1192 927 1251 perstatim
936 1194 1107 1254 ciceronem

85 1289 141 1367 (qui
152 1290 198 1348 rel
214 1289 278 1368 ipse
299 1303 361 1347 tum
378 1289 455 1348 sorte
468 1303 534 1348 cum
554 1290 653 1349 Attico
666 1289 697 1348 iu
712 1291 782 1348 villa
794 1309 847 1350 aua
861 1291 963 1350 itidem
977 1297 1107 1351 Cumana

83 1407 107 1446 ae
119 1386 248 1466 tenebat)
263 1387 419 1447 salutatum
430 1388 568 1462 venisset,
584 1387 638 1446 hos
652 1400 863 1461 commoverat,
885 1401 918 1448 ut
931 1401 1010 1448 recta
1022 1385 1106 1449 illum
1210 1381 1212 1388 ¹

83 1484 201 1558 adirent,
221 1505 259 1544 ue
271 1484 386 1563 abipso
400 1499 621 1564 occuparentur.
632 1491 727 1559 Q'uem
741 1503 831 1564 quum
844 1486 904 1564 j'am
922 1487 953 1545 in
965 1488 1026 1562 ria,
1038 1488 1107 1560 satis

83 1599 175 1662 magno
192 1581 231 1642 ab
250 1582 312 1661 ejus
326 1583 394 1640 villa
409 1582 520 1660 spatio,
542 1577 754 1661 deprehensum
771 1581 959 1654 reducerent,
972 1585 1053 1642 varia
1069 1603 1106 1642 ex

82 1679 153 1757 ipso,
165 1697 256 1758 quum
270 1675 308 1737 dc
322 1677 410 1737 rebus
424 1676 547 1758 publicis
558 1676 666 1758 (pridie
679 1680 757 1737 enim
768 1684 863 1739 Itoma
877 1685 1028 1758 venerat),
1043 1692 1106 1738 tum

82 1775 111 1834 dc
123 1777 212 1859 ipsius
226 1775 332 1837 studiis
346 1776 498 1836 sciscitati:
510 1776 628 1848 Cicero,
645 1793 809 1835 sermonem
831 1777 867 1835 ad
889 1773 1106 1856 philosophiam

82 1873 233 1948 declinans,
258 1876 289 1934 in
313 1895 372 1954 qua
388 1875 478 1934 literis
498 1875 595 1934 latinia
614 1874 786 1954 explicanda
805 1894 841 1934 eo
864 1885 997 1954 tempore
1023 1889 1106 1954 paenc

83 1984 149 2032 totus
161 1971 344 2047 versabatur,
356 1993 392 2032 ex
403 1977 536 2034 Varrone
548 1991 663 2032 causam
676 1972 793 2051 quaerit,
812 1993 874 2046 cur,
895 1985 953 2032 tam
969 1973 1060 2032 multa
1076 1985 1106 2032 et

83 2069 150 2128 vana
165 2091 254 2149 quum
267 2069 390 2145 scribat,
404 2069 491 2149 hujus
504 2070 647 2141 studium,
668 2071 798 2130 omnium
812 2069 1028 2150 gravissimum,
1041 2069 1105 2149 ipsa

84 2165 158 2226 latine
168 2167 326 2238 tradenda,
335 2184 511 2248 promovere
522 2167 759 2248 interpopularcs
768 2169 851 2242 nolit,
862 2187 925 2247 cap.
940 2169 1001 2226 1-3.
1009 2169 1105 2226 Varro

84 2277 190 2338 souma,
205 2282 267 2324 rem
284 2265 368 2324 istam
380 2285 397 2324 a
411 2283 442 2324 se
457 2281 533 2344 saepe
549 2265 720 2344 cogitatam,
733 2265 859 2344 ideoque
872 2266 1106 2344 praetenuiasam,

83 2361 152 2437 quod
165 2381 199 2420 ea
211 2381 272 2420 non
283 2374 358 2421 esset
372 2363 573 2421 multitudinis.
584 2363 728 2422 cultiores
745 2371 843 2422 autem
857 2359 1072 2442 philosophiam
1089 2381 1108 2420 a
1134 2419 1137 2426 ,

83 2459 171 2533 graecu
181 2459 288 2533 literis,
300 2458 406 2538 quibua
419 2459 632 2518 accuratissime
641 2461 678 2518 ait
691 2459 833 2538 exposita,
854 2475 1037 2538 quarumque
1048 2456 1106 2536 ipsi

82 2556 155 2631 gnari
168 2557 242 2628 siut,
261 2569 396 2634 repetere
411 2557 497 2614 facile
511 2565 541 2614 et
552 2574 655 2635 posse,
678 2568 707 2614 ct
722 2557 816 2615 solere
829 2575 836 2612 ε
851 2571 906 2614 nec
927 2556 1016 2614 latine
1036 2555 1106 2612 scri-

83 2663 153 2728 ptam
166 2673 278 2722 curare,
295 2663 322 2722 4.
338 2653 442 2729 Neque
450 2655 543 2732 ipsam
558 2669 622 2712 eam
636 2671 697 2712 rem
713 2668 768 2713 tam
780 2653 872 2712 facilis
887 2667 947 2713 esse
960 2669 1067 2731 operae,
1081 2651 1106 2710 si

83 2750 185 2810 ratione
196 2749 353 2811 Academia
363 2748 442 2808 haud
452 2748 570 2826 indigna
579 2763 729 2819 tractetur,
742 2770 833 2828 quum
841 2765 917 2808 treva
927 2749 1001 2808 adeo
1013 2747 1105 2808 verba

84 2846 245 2908 invenienda
264 2849 336 2920 aiut,
355 2849 384 2905 5.
400 2847 547 2926 Epicurea
564 2847 683 2926 quidem
698 2863 729 2908 et
743 2851 939 2922 Democritea,
958 2848 1105 2926 inprimis

83 2943 189 3004 dicendi
202 2959 307 3006 ornatu
323 2961 383 3004 non
397 2935 549 3016 adhibito,
563 2946 646 3004 nullo
664 2945 781 3023 negotio
798 2947 938 3024 explicari
952 2969 963 3005 a
977 2966 1059 3005 secus
1076 2945 1107 3004 id

82 3043 174 3100 esseio
189 3043 433 3103 Academicorum
449 3061 539 3120 quum
555 3042 702 3120 physicis,
725 3055 783 3102 tum
798 3045 923 3108 manime
935 3043 1052 3117 ethicis,
1076 3043 1106 3102 in

82 3139 179 3227 quibus
194 3154 274 3200 tanta
287 3141 325 3200 sit
338 3139 498 3213 subtilitas,
515 3142 543 3199 6.
557 3139 620 3202 Sibi
637 3141 725 3218 igitur
738 3142 952 3220 philosophiam
966 3154 1106 3210 tractare,
1205 3177 1208 3182 ·

83 3254 135 3294 non
149 3235 226 3298 aliis:
241 3238 307 3297 etsi
323 3238 374 3316 qui
387 3237 450 3315 ejus
466 3229 596 3297 studium
610 3249 763 3316 appetant,
775 3238 829 3296 hos
845 3257 862 3296 a
876 3255 907 3296 se
921 3233 958 3296 ad
970 3243 1104 3304 Graecos,

83 3345 112 3390 ut
129 3333 163 3392 ad
185 3337 295 3408 fontes,
320 3335 403 3394 mitti.
424 3339 463 3395 At
485 3350 609 3394 tractare
628 3349 659 3393 se
674 3353 725 3408 ea,
748 3353 813 3412 qna
832 3335 949 3394 aliunde
967 3335 1030 3414 peti
1043 3355 1104 3393 non

83 3433 203 3508 possint:
218 3450 395 3511 quamquam
408 3433 438 3492 in
453 3434 620 3506 nonnullis,
636 3448 699 3512 qnae
715 3433 883 3512 scripserit,
899 3433 1104 3512 philosophica

83 3547 188 3608 quoque
201 3531 403 3604 admiscuerit,
421 3551 457 3605 7,
474 3531 501 3590 8.
524 3531 626 3591 Cicero
641 3543 755 3604 contra,
770 3531 933 3589 collaudata
950 3531 1103 3609 multiplici
1119 3585 1123 3591 ,

83 3626 246 3706 scriptorum
253 3631 395 3688 Varronis
402 3629 534 3701 utilitate,
545 3625 760 3710 philosophiam
769 3637 876 3708 sperat,
883 3630 929 3687 vel
937 3629 1034 3687 latinis
1044 3628 1104 3687 lite·

83 3725 117 3782 ris
125 3728 270 3800 traditam,
282 3726 404 3807 probari
416 3727 607 3808 popularibus
618 3745 702 3808 posse
710 3773 718 3802 ,
726 3729 837 3807 qnippe
847 3725 953 3806 quibus
963 3728 1007 3785 vel
1022 3727 1102 3784 latini

84 3837 182 3900 poete,
194 3839 224 3884 et
238 3837 387 3899 oratores,
400 3827 424 3886 ai
438 3827 488 3905 qui
500 3825 628 3904 pressius
642 3843 703 3884 sese
716 3822 753 3884 ad
769 3825 863 3884 Graeci
875 3823 997 3902 alicujus
1009 3839 1104 3881 exem-

84 3921 154 3996 plum
168 3923 433 3994 accommodarint,
448 3921 627 4003 probentur,
639 3945 674 4000 9,
692 3925 849 4000 culparem
866 3937 961 3981 autem
974 3918 1104 4006 sendum

85 4017 110 4072 in
127 4021 270 4098 republica
290 4035 475 4094 versaretur,
495 4021 710 4100 philosophiam
730 4018 786 4078 sibi
809 4019 928 4079 seorsim
948 4017 1103 4086 habuisse,

85 4110 144 4172 dato
153 4118 213 4176 otio
230 4117 268 4176 ad
282 4137 346 4176 cam
365 4131 581 4178 recurrentem:
596 4117 647 4178 scd
661 4117 802 4195 hocjam,
816 4117 845 4175 in
857 4115 960 4175 dolore
974 4125 1003 4172 et
1014 4109 1103 4190 pleno
