2786 4674
234 319 304 388 lina
571 315 619 384 M.
645 319 684 384 Τ.
709 319 957 388 CICERONIS

231 442 395 521 proximum
410 437 465 496 sibi
477 453 591 515 semper
607 419 775 508 extrudere,
794 459 827 498 ac
850 440 1009 498 secundum
1025 443 1230 502 necessitatem
1246 445 1314 504 hu-

228 533 356 614 jusmodi
370 530 513 611 quidquid
530 531 559 589 in
581 531 679 589 aedem
695 532 775 590 illam
794 536 992 612 repercutitur
1013 549 1101 614 atqne
1119 538 1313 616 impellitur,

232 627 311 686 unde
330 625 462 685 exclusus
486 635 529 681 est
553 621 677 691 halitus,
698 623 860 701 ingressum
883 625 953 685 illuc
977 628 1152 707 replensque
1173 631 1309 690 halitum

231 721 325 798 ipsum
348 715 504 794 subsequi:
524 713 612 793 idque
635 726 728 773 totum
754 717 839 775 simul
865 718 1047 779 revolutione
1068 720 1209 798 quadam,
1229 725 1308 801 qnia

229 829 371 890 nusquam
393 810 429 868 sit
451 827 587 878 vacuum,
607 807 671 866 lieri
691 831 698 864 :
721 808 913 886 quamobrem
933 831 1025 890 quum
1059 827 1164 892 pectus
1187 817 1308 894 psalmo·

229 923 337 982 aesque
350 901 484 981 spiritum
495 899 672 972 efflaverint,
690 919 759 958 mox
772 921 838 960 aere
855 905 972 982 corpori
986 905 1164 966 circumfuso
1188 921 1307 967 meatus

230 993 363 1074 corporis
376 1004 560 1072 penetrante,
578 992 744 1069 replentur:
757 1011 792 1051 ae
809 1013 908 1054 rumas
928 997 1046 1056 evolans
1070 1018 1087 1058 a
1107 1019 1232 1078 corpore
1250 1019 1307 1058 aer

229 1103 259 1148 et
269 1088 390 1146 emissan
401 1085 546 1144 anhelitus
560 1083 780 1160 inspirationem
791 1085 869 1144 intro
881 1087 990 1146 retrahi
1006 1089 1086 1165 cogit
1099 1109 1154 1167 per
1172 1091 1231 1148 oris
1244 1111 1305 1150 na-

231 1183 365 1259 riumque
382 1189 501 1236 meatus.
515 1179 638 1234 Canum
653 1195 743 1248 vero,
761 1195 826 1254 quaa
845 1177 890 1236 his
904 1180 1083 1258 principium
1105 1181 1172 1253 dat,
1194 1181 1306 1259 liujus-

233 1273 312 1332 inoffi
324 1269 478 1350 ponimus:
495 1286 580 1327 omne
597 1265 724 1325 universi
744 1267 832 1347 hujus
850 1270 956 1329 animal
970 1273 1001 1329 in
1014 1273 1095 1330 venis
1113 1285 1144 1330 et
1155 1276 1303 1352 sanguine

231 1366 372 1430 calorem,
384 1361 467 1440 quasi
481 1360 590 1418 fontem
602 1358 676 1438 ignis
695 1361 835 1438 aliquem,
853 1363 998 1441 possidet:
1011 1363 1101 1442 idque
1115 1367 1171 1424 reti
1186 1387 1304 1444 sagena

231 1455 479 1534 comparavimus,
494 1469 548 1530 per
562 1449 690 1511 medium
701 1466 867 1523 extensum,
879 1466 1029 1535 totumque
1042 1477 1080 1516 ex
1095 1459 1162 1536 igne
1175 1473 1303 1517 contes-

232 1562 310 1620 tum,
324 1565 414 1625 quum
428 1543 573 1602 exteriora
587 1544 685 1602 omnia
698 1563 735 1602 ex
748 1565 815 1604 aere
828 1547 900 1604 sint:
912 1549 1038 1607 calorem
1049 1569 1119 1608 sane
1136 1551 1301 1628 putandum

230 1653 274 1702 est
286 1650 390 1698 natura
408 1655 459 1696 sut
473 1635 504 1694 in
517 1635 663 1712 regionem
677 1655 757 1694 suam
771 1649 853 1696 extra
866 1637 961 1712 adid,
979 1640 1059 1718 qnod
1070 1639 1128 1700 sibi
1142 1657 1300 1722 cognatum

230 1745 290 1801 est,
306 1749 459 1790 emanare:
474 1746 563 1805 quum
578 1747 650 1786 rem
666 1727 857 1788 diaeursionea
873 1729 938 1790 due
951 1733 1025 1802 sint,
1048 1752 1105 1792 una
1119 1755 1174 1812 per
1189 1753 1301 1812 eorpus

229 1837 326 1893 eam,
340 1823 431 1880 altera
444 1839 544 1878 rursus
558 1839 612 1898 per
622 1839 656 1878 os
671 1839 705 1878 aa
720 1840 818 1880 nares:
828 1843 918 1902 φιιιω
931 1825 1076 1886 anhelitus
1086 1827 1123 1886 ad
1135 1829 1193 1888 alia
1206 1829 1300 1907 impe·

227 1932 290 1978 tum
305 1915 373 1974 lacit
389 1911 591 1990 detruditqoe,
612 1912 668 1972 alia
681 1925 783 1971 contra
794 1913 916 1973 retrahit
929 1929 1016 1995 atque
1029 1922 1189 1997 repercutit
1199 1941 1206 1975 :
1216 1920 1298 1997 qnod

229 2023 326 2070 autem
340 2019 496 2066 retractum
514 2016 572 2077 est,
586 2005 615 2062 in
629 2005 726 2082 ἰςιιοπι
737 2005 888 2065 incurrens
900 2007 1014 2068 calescit
1026 2029 1033 2065 :
1045 2009 1125 2088 quod
1140 2010 1297 2080 exhalavit,

230 2105 333 2180 friget:
353 2097 424 2158 dnm
440 2117 511 2176 ergo
525 2097 656 2156 caliditas
671 2109 863 2176 permutatur,
874 2111 918 2174 et,
931 2119 996 2177 quae
1006 2101 1065 2158 alio
1076 2104 1199 2160 transitu
1209 2115 1298 2160 ntun-

229 2208 287 2266 tnr,
302 2194 461 2260 calescunt,
478 2209 639 2262 aurursus,
656 2189 736 2267 qnod
748 2191 853 2264 semet,
866 2191 903 2250 ad
918 2206 1049 2252 naturam
1063 2215 1146 2253 suam
1161 2197 1297 2272 emigrat,

229 2301 258 2346 et
271 2287 326 2344 hae
344 2283 532 2361 emigratione
548 2282 606 2340 alia
626 2281 656 2339 in
670 2280 758 2341 aliud
779 2281 834 2340 iter
856 2285 1029 2362 repemutit,
1054 2305 1213 2364 rursusque
1232 2287 1295 2346 baar

228 2379 306 2439 idem
319 2375 522 2455 perpetiuntur
535 2385 681 2450 aguntque
698 2393 828 2452 semper:
849 2389 928 2434 certe
941 2377 1083 2440 anhelitus
1097 2377 1165 2450 hio,
1186 2378 1295 2437 circulo

228 2469 355 2551 quodam
366 2467 436 2525 hinc
451 2478 481 2523 et
494 2464 575 2522 illinc
585 2465 694 2544 jugiter
713 2465 871 2541 fluctuans,
885 2468 1109 2547 exspirationem
1122 2483 1155 2528 et
1171 2469 1294 2548 inspira-

230 2565 337 2624 tionem
351 2559 488 2620 continet.

270 2655 349 2731 Quin
366 2653 453 2712 etiam
469 2669 561 2708 musae
575 2649 757 2728 passionum,
771 2671 835 2729 que
854 2671 890 2710 ex
910 2663 1035 2711 attractu
1050 2655 1242 2732 ampullarum
1256 2675 1292 2712 ex

229 2767 354 2829 corpore
370 2765 388 2804 a
404 2742 521 2804 medicis
533 2742 621 2816 liunt,
636 2755 722 2818 atque
734 2743 822 2802 mam
835 2744 975 2822 potionis,
993 2757 1023 2804 et
1041 2765 1144 2804 eorum
1167 2747 1292 2823 insuper,

228 2863 292 2922 qnae
302 2841 459 2920 jaciuntur,
472 2837 532 2895 sive
547 2837 716 2894 emittantur
728 2836 872 2909 sublimia,
884 2857 935 2898 seu
948 2837 1115 2898 deserantur
1127 2839 1227 2909 humi,
1238 2839 1291 2898 bac

230 2938 330 3015 utique
345 2933 457 2992 ratiorm
478 2927 634 2989 tractandae
653 2929 809 2988 videntur:
826 2949 912 2990 voces
930 2943 1083 3010 praeterea,
1104 2953 1292 3011 quaecumque

230 3031 343 3088 veloces
366 3039 396 3084 et
415 3021 518 3091 tarda,
544 3034 634 3081 acutas
655 3035 684 3080 et
707 3041 809 3100 graves
828 3023 923 3082 audiri
947 3025 1059 3084 solent:
1084 3025 1157 3084 alias
1172 3024 1293 3083 dissone

229 3133 349 3202 propter
364 3129 461 3177 motus
477 3115 552 3193 ejus,
572 3115 622 3194 qui
643 3115 674 3173 in
694 3115 778 3174 nobis
798 3114 836 3173 ab
854 3117 924 3195 ipsis
941 3117 988 3190 lit,
1007 3117 1289 3188 dissimilitudinem,

230 3216 300 3274 alias
319 3225 442 3292 propter
459 3209 674 3268 similitudinem
691 3227 842 3268 consonae:
857 3209 987 3288 priornm
1002 3210 1077 3268 enim
1092 3211 1287 3268 velociorem·

229 3326 286 3385 qne
299 3319 441 3364 cessantes
453 3315 563 3370 motus,
583 3301 701 3380 jamque
715 3300 751 3358 ad
768 3301 861 3360 simile
874 3301 1011 3380 quiddam
1025 3323 1207 3381 progressos,
1230 3315 1288 3360 tar-

230 3399 326 3456 diores
349 3396 418 3473 ipsae
432 3415 518 3456 voces
536 3393 720 3453 succedentes
743 3393 816 3466 illis,
837 3413 945 3473 eosque
964 3411 1129 3469 moventes,
1148 3409 1289 3472 occupant

229 3483 502 3566 comprehendendo
516 3505 548 3544 nc
562 3497 719 3565 superant:
739 3487 1015 3565 comprehendentes
1033 3507 1103 3547 vero
1122 3509 1183 3546 nnn
1204 3489 1288 3547 aliurn

230 3579 348 3661 quidem
366 3590 475 3636 motum
488 3575 644 3654 injiciendo
664 3577 850 3656 perturbant:
870 3579 921 3639 sed
943 3581 1077 3640 tardioris
1102 3581 1218 3640 lationis
1237 3581 1287 3639 ini-

230 3675 317 3742 tium,
328 3666 485 3728 secundum
498 3669 671 3748 principium
685 3670 855 3742 velocioris,
871 3671 1029 3732 inducunt:
1043 3673 1113 3732 dum
1127 3693 1198 3733 vem
1212 3673 1285 3732 desi-

226 3763 320 3824 nentis
335 3759 470 3820 motionis
481 3759 694 3821 similitudinem
707 3760 760 3820 sibi
777 3763 930 3841 quamdam
942 3767 1181 3842 accommodant,
1200 3787 1285 3826 unum

228 3879 264 3918 ex
285 3867 369 3916 acuta
387 3866 416 3912 et
432 3853 514 3932 gravi
535 3867 707 3914 concentum
725 3869 965 3935 contemperant:
986 3859 1063 3917 unde
1085 3860 1285 3940 insipientibus

228 3954 421 4029 voluptatem,
437 3945 614 4024 sapientibus
628 3947 778 4024 gandium,
796 3963 916 4028 propter
929 3950 1036 4010 (livinae
1052 3951 1212 4012 harmonia
1223 3953 1284 4011 imi·

228 4045 364 4105 tationem
374 4043 404 4099 in
416 4039 572 4099 lationibus
586 4039 756 4100 mortalibus
768 4055 924 4120 repertam,
940 4043 1078 4103 tribuunt.
1091 4045 1199 4104 Eadem
1214 4047 1284 4104 ratio
1388 4059 1389 4110 }
