2776 4688
79 363 460 386 mmm!
463 365 1132 396 ”mmmmmmmmmmm

436 536 787 606 INTRODUCTIO

79 703 160 804 IN
191 701 608 808 CICERONIS
645 701 1123 814 ACADEMICA.

466 888 750 916 *—

374 1023 553 1130 enas
588 1023 846 1153 Parus,

94 1215 167 1278 Qus
182 1217 230 1264 ne
249 1215 411 1265 ruuoamt
431 1215 614 1262 arenosum
629 1217 774 1281 rmum,
789 1217 930 1266 nurum
952 1222 1118 1274 animone

353 1395 356 1406 Ι
377 1330 422 1384 'er
442 1335 605 1385 rsurona
629 1338 843 1388 nissamrun.

243 1485 346 1590 (Ex
383 1482 459 1562 to,
492 1481 628 1562 auc.
664 1483 969 1594 Gonnum.)

481 1644 718 1672 au*—

80 1751 180 1880 Qua.
191 1783 234 1849 de
243 1784 294 1848 his
302 1783 391 1848 libris
402 1782 436 1845 in
449 1784 634 1848 universum
647 1783 808 1872 praefanda
819 1801 909 1867 sunt,
919 1785 985 1850 duo
1000 1789 1136 1856 maxime

78 1908 237 1980 spectant,
254 1888 496 1978 inscriptionem
513 1911 642 1970 eorum,
664 1905 696 1952 ct
711 1887 871 1978 duplicem
889 1890 1073 1959 editionem.

119 2001 144 2062 1.
161 1999 211 2061 De
223 1996 434 2085 inscriptione
444 2017 545 2082 pauca
555 2010 680 2058 tantum
691 1994 853 2060 monenda
861 1996 930 2061 haec
940 2015 1137 2089 sunt,prave

79 2125 129 2167 eos
140 2102 240 2193 vulgo
251 2100 515 2165 Academicorum
532 2098 766 2186 Quaestionum,
778 2099 843 2184 vel,
852 2091 1004 2192 ut'nuper
1012 2105 1139 2172 suaderi

77 2225 216 2298 creptum
235 2223 303 2290 est,
317 2209 590 2296 Disputationnm,
610 2205 706 2270 titulo
726 2206 884 2295 insigniri,
902 2209 1021 2298 quippe
1040 2235 1138 2300 quem

77 2338 133 2379 nec
152 2315 288 2396 Cicero,
310 2335 370 2376 nec
392 2311 524 2400 reliqui,
543 2311 599 2399 qui
622 2309 741 2374 horum
763 2311 920 2376 librorum
938 2317 1137 2384 mentionem

76 2421 213 2504 faciunt,
230 2435 418 2510 agnoscant
434 2421 507 2507 Ipse
521 2419 608 2482 enim
625 2439 680 2482 eos
697 2419 890 2483 Academica
902 2438 996 2486 vocat
1009 2423 1072 2488 Off.
1090 2425 1138 2507 11,

77 2549 110 2604 a,
129 2527 148 2592 8
166 2527 290 2615 (atque
305 2526 350 2590 ita
364 2523 502 2613 ubique,
523 2540 560 2587 ut
578 2523 655 2588 alios
672 2523 790 2588 multos
806 2525 1066 2613 praetermittam,
1091 2527 1137 2610 is,

75 2635 128 2720 qui
143 2655 200 2696 eos
217 2632 313 2695 toties
330 2629 455 2710 laudat,
473 2629 600 2694 Nonius
611 2627 641 2718 ),
658 2629 733 2694 alias
749 2627 860 2694 addito
878 2615 1029 2712 nominc,¹
1045 2631 1136 2720 quod

75 2763 130 2826 per
144 2762 180 2804 se
196 2722 617 2826 intelligitur,⁸Academicos
636 2733 728 2798 libros
744 2734 850 2800 Divin.
875 2737 923 2818 ll,
946 2760 974 2820 1,
994 2759 1021 2819 1,
1037 2737 1137 2826 idque

74 2845 187 2908 imitati
213 2859 292 2907 sunt
321 2842 541 2930 Augustinus,
570 2841 771 2922 Lactantius,
800 2840 863 2905 alii.
890 2841 976 2905 Dicit
1003 2839 1134 2908 eosdem

75 2949 205 3038 quidem
222 2938 446 3012 Academicum
457 2947 669 3036 quaestionem,
684 2963 716 3009 et
729 2945 939 3010 Academiam
956 2951 1020 3011 Att.
1037 2949 1134 3031 XIII,

74 3079 122 3144 ep.
146 3077 202 3142 19,
226 3052 277 3118 cll.
299 3075 349 3141 ep.
374 3051 428 3135 ¹33
450 3051 523 3133 sed,
546 3068 584 3114 ut
605 3051 703 3132 solet,
723 3049 763 3115 ad
780 3051 919 3115 amicum
942 3050 983 3115 de
1005 3076 1040 3115 re
1059 3053 1135 3118 huic

75 3178 148 3224 nota
170 3160 301 3249 vagius3
324 3156 504 3245 eodemque
529 3155 628 3246 modo
651 3155 781 3221 eosdem
798 3158 960 3248 laetantui<
985 3167 1136 3234 συντάξιως,

74 3265 119 3329 rel
132 3263 319 3354 simpliciter
331 3265 506 3343 hamptune,
521 3256 652 3325 nomine
664 3275 763 3324 notat.
773 3259 821 3323 cf.
831 3257 909 3324 ibid.
922 3283 973 3350 ep.
988 3263 1068 3327 1601
1085 3287 1134 3328 12.

77 3371 200 3434 Absona
218 3386 267 3432 est
280 3369 375 3431 etiam
389 3367 476 3431 vocis
491 3369 693 3456 quaestionum
706 3364 746 3429 ad
761 3365 829 3429 haec
840 3382 970 3430 tractata
980 3365 1133 3452 adjectio,

76 3500 176 3566 quum
198 3474 330 3540 nonde
355 3473 464 3556 variis,
487 3490 543 3537 aut
567 3473 716 3554 diversis,
740 3471 933 3560 quibusdam
957 3473 1133 3542 Academia·

77 3583 206 3646 decretis
228 3597 356 3669 agatur,
374 3578 430 3643 sed
448 3579 488 3644 de
505 3602 570 3643 una
587 3577 765 3645 Academiae
783 3579 970 3643 recentioris
987 3579 1133 3668 philoso-

76 3688 166 3775 phia,
190 3685 232 3750 ab
258 3683 398 3750 Arcesila
422 3681 498 3746 inde
524 3683 563 3747 ad
588 3681 758 3748 Philonem
786 3704 908 3770 usque,
934 3703 1132 3772 exponatur;

76 3792 223 3881 expositis
241 3791 296 3871 iis,
316 3813 389 3878 quae
406 3789 585 3864 Antiochus
602 3787 783 3854 Ascalonita
803 3804 914 3852 contra
933 3811 1003 3852 eam
1020 3789 1132 3878 dispu-

76 3913 199 3962 taverat.
227 3895 393 3960 Praemissa
420 3895 552 3983 quidem
579 3893 630 3958 his
655 3911 704 3956 est
730 3893 836 3956 brevis
863 3891 1009 3981 qnaedam
1035 3897 1133 3962 totius

77 4003 247 4068 Academiae
276 4025 294 4066 a
320 4001 454 4066 Platone
481 4001 573 4084 inde,
602 4023 640 4064 cx
668 3998 811 4078 ejusdem
837 3998 988 4062 Antiochi
1013 4001 1135 4068 ratione

142 4117 169 4184 I.
194 4128 311 4197 Cic.pors
327 4125 405 4175 tertia.
996 4129 1004 4171 1
