2776 4688
231 333 277 416 st
603 302 934 400 murocincto.

233 464 310 522 nent
326 449 426 518 modo
442 469 570 530 rerum,
592 448 762 514 sedetiam
779 448 924 514 stabilem
946 463 1045 535 etque
1065 448 1322 514 immutabilem

233 581 303 626 esse
321 579 527 624 censemus».
543 556 585 620 Et
602 556 711 645 paullo
726 571 801 620 ante
816 557 890 620 libri
905 554 1003 620 finem
1020 555 1065 644 (1)
1083 579 1092 621 :
1106 557 1201 622 «Nos
1219 557 1320 620 enirn

234 663 377 752 [stoici]
391 661 612 744 defendimus,
639 661 734 726 etiarn
748 663 955 751 Insipientcm
971 663 1071 726 multa
1085 662 1322 751 comprehcn-

233 771 321 836 dere.
339 771 382 836 At
400 770 480 834 scire
497 767 619 856 negatis
634 791 833 857 quemquam
854 791 924 832 rem
946 768 1060 850 ullam,
1079 767 1141 832 nisi
1166 768 1320 855 Sapien-

233 893 337 942 tem.»
354 873 544 940 Plutarchus
560 871 628 961 (a),
651 873 835 938 Stoicorum
852 875 957 940 verbis
973 897 981 939 ι
999 874 1138 938 «Omnis
1152 895 1321 961 compre·

233 982 347 1047 hensio
362 982 395 1046 in
413 981 563 1070 Sapiente
577 996 609 1044 et
628 981 802 1062 memoria,
827 1003 902 1069 quae
918 980 1134 1046 constentiam
1152 995 1187 1042 et
1206 978 1320 1043 firmi·

232 1087 379 1152 tudinem
407 1087 542 1168 habeat,
569 1085 719 1174 protinus
747 1087 886 1151 Scientia
912 1101 980 1168 est,
1010 1107 1243 1175 magnumque
1279 1107 1319 1148 ec

234 1194 411 1258 maximum
427 1192 554 1256 bonum
566 1221 590 1256 ι.
616 1191 735 1258 Omnia
751 1191 838 1256 enim
856 1213 1073 1279 quecumque
1095 1191 1128 1254 in
1152 1191 1319 1280 sapiente

232 1301 315 1380 sint,
328 1298 415 1364 bona
432 1319 501 1362 esse
518 1320 527 1362 :
544 1298 576 1360 in
592 1297 709 1379 stulto,
726 1297 761 1362 id
782 1297 983 1387 est,vrdga1i
998 1298 1171 1362 hominum
1189 1297 1317 1362 condi·

235 1403 345 1485 tione,
363 1403 443 1468 nihil
458 1403 602 1482 bunum,
626 1402 760 1468 meliora
784 1403 889 1468 medis
909 1425 978 1468 esse
995 1404 1191 1470 statuebant.
1212 1401 1317 1468 Unde

235 1524 267 1575 et
284 1507 391 1572 officia
414 1507 622 1594 quantumvis
645 1524 750 1589 recta,
777 1508 811 1572 in
834 1509 986 1599 Sapienter
1011 1510 1081 1574 solo
1107 1509 1257 1599 perfecta
1270 1503 1318 1571 'et

235 1613 341 1696 bona,
357 1630 389 1678 et
405 1623 602 1694 sareptenam,
617 1612 728 1696 idest,
748 1628 830 1680 recte
837 1615 957 1701 sacta,·
975 1616 1008 1679 iu
1025 1614 1225 1704 Incipiente,
1244 1637 1315 1677 non

235 1721 296 1788 nisi
311 1721 416 1786 media
431 1739 464 1787 ct
476 1723 664 1810 imperfecta
674 1719 779 1786 officia
790 1722 1112 1811 appellarivclebant
1126 1721 1190 1788 Sed
1205 1721 1252 1786 de
1264 1721 1315 1785 his

234 1827 315 1892 alius
334 1828 395 1892 erit
410 1826 540 1894 dicendi
559 1829 660 1892 locus.

168 1991 172 1999 .
282 1931 334 1996 30.
345 1931 476 2013 Quibus
485 1948 594 1998 autem
607 1933 701 2021 quasi
712 1931 913 2023 gmdibusad
925 1933 988 1998 hoc
998 1955 1166 1998 summum
1176 1933 1313 1997 bonum

235 2035 441 2119 devenietur,
460 2054 545 2102 etex
560 2037 598 2102 iis
612 2061 684 2126 quae
700 2038 784 2104 dicta
795 2054 872 2104 sunt
879 2041 945 2120 jam
958 2040 1129 2120 elucescit,
1142 2038 1312 2126 siquidem

237 2141 394 2206 memoria
408 2157 513 2219 tenes,
537 2141 617 2228 quid
646 2143 743 2226 Visa,
769 2143 850 2231 quid
867 2145 1024 2226 Notitioe,
1044 2144 1124 2233 quid
1143 2143 1314 2232 Prolepses

238 2245 320 2327 sint,
338 2245 417 2334 quid
435 2246 590 2312 Memoria
608 2271 646 2314 ac
663 2248 746 2314 Usus
764 2250 830 2314 sive
853 2252 942 2334 Ars,
966 2273 1029 2338 que
1051 2251 1176 2316 ratione
1197 2251 1311 2328 Mens,

238 2346 422 2414 Diakcticce
433 2349 529 2414 etiam
544 2349 663 2433 ductu,
680 2373 718 2416 ex
733 2353 864 2418 Notitiis
878 2353 1030 2418 Rationes
1055 2351 1225 2434 conficiet,
1244 2353 1312 2416 De·

239 2469 390 2541 cretaque
407 2471 527 2521 statuat
544 2471 577 2522 et
595 2454 702 2522 firmet
725 2481 733 2522 :
760 2481 832 2546 quae
850 2460 960 2524 omnia
983 2458 1080 2524 etiem
1105 2460 1206 2524 stulto
1234 2474 1311 2522 ante

240 2560 428 2648 sapientiam
450 2563 666 2652 contingunt,
687 2587 764 2646 nec,
789 2582 827 2630 ut
844 2565 943 2630 modo
969 2564 1175 2648 dicebamus,
1200 2587 1310 2654 quan·

240 2666 360 2730 tuturis
370 2667 531 2755 speciosa,
541 2669 666 2756 illiplus
683 2692 781 2757 quant
797 2669 1017 2754 mediatum,
1037 2693 1144 2759 neque
1161 2686 1310 2760 propter·

240 2791 276 2836 ca
293 2770 415 2858 aliquid
442 2790 491 2838 est
513 2791 757 2863 consequutus,
778 2798 845 2862 quo
862 2777 970 2842 minus
997 2778 1116 2846 stultus
1146 2777 1245 2866 plane
1275 2789 1307 2840 et

238 2875 436 2942 miserrimus
451 2877 628 2960 habeatur,
645 2880 707 2944 nisi
727 2880 816 2966 quod
832 2883 869 2945 iis
889 2883 1083 2948 stationibus
1097 2881 1214 2946 ultimo
1224 2899 1306 2946 tan·

238 2978 311 3044 dem
323 2981 444 3071 pedatu
461 2985 626 3048 scientiam
637 3001 948 3076 tenet,repentequc
963 3011 1003 3052 ex
1018 2989 1190 3076 insipiente
1205 3003 1241 3052 et
1255 2988 1306 3050 in-

235 3087 434 3173 felicissimo,
452 3091 571 3178 cuique
590 3091 716 3156 nullum
742 3093 864 3158 malum
884 3093 981 3175 absit,
1006 3094 1139 3181 Sapiens
1160 3092 1306 3158 beatissi-

237 3215 374 3281 musque
392 3195 515 3271 ersdit,
535 3227 548 3252 ι
562 3195 707 3262 Mentem
735 3201 928 3288 perfectam,
955 3200 1000 3264 ait
1024 3200 1216 3265 Plutarchus
1237 3197 1303 3285 (3),

234 3319 394 3364 stimmam
407 3303 613 3388 sapientiam,
629 3303 743 3368 diviuoe
757 3328 866 3391 parem
880 3304 1120 3386 conditionem,
1135 3304 1301 3370 scientiam

232 3401 273 3468 ab
288 3405 442 3490 opinione
458 3409 550 3470 omni
569 3407 722 3488 liberam,
736 3407 1036 3500 immutabilemque
1055 3410 1204 3476 habitum
1219 3431 1300 3474 con·

232 3525 412 3596 sequutus3
430 3533 533 3597 quum
551 3528 759 3577 tamenantea
769 3515 851 3578 nihil
862 3516 898 3579 ei
909 3539 946 3580 ex
957 3517 1102 3604 nequitia
1112 3515 1296 3582 decederet:

232 3611 289 3676 sed
300 3630 432 3703 repente
445 3616 573 3704 (parum
583 3635 631 3682 est
640 3620 721 3708 quin
732 3599 839 3685 dicere
855 3622 971 3710 ausim)
983 3623 1016 3686 in
1027 3625 1167 3687 Hcroem
1182 3643 1295 3711 quem·

279 3808 289 3840 1
321 3791 355 3841 Ca
376 3802 438 3850 .4.

263 3789 304 3965 ini
317 3809 492 3930 Depccrdmun.
503 3881 585 3932 noer.
598 3884 712 3934 adversm
725 3853 836 3947 Stoicos,
850 3903 905 3951 pag.
918 3891 993 3948 10⁶1,
1005 3905 1029 3938 c.

264 3965 302 4031 (3)
325 3971 357 4106 15ιὲ
367 3968 483 4105 ‘tinem’
492 3970 532 4018 cui
546 3971 647 4023 titulus:
663 3974 759 4036 ·Qu0d
774 3975 850 4026 stetu
864 3977 943 4040 poetis
955 3977 1032 4042 mgis
1044 3977 1169 4052 inopium
1181 3975 1264 4026 dicunt
1273 3993 1295 4026 ⁹,

225 4071 278 4119 pag.
295 4071 324 4106 tc
367 4089 374 4114 ,
416 4073 429 4104 c
450 4075 473 4106 c.
