2724 4690
246 274 313 362 184
600 277 875 350 EXCURSUS
899 279 952 348 Il.

240 399 396 464 simarum
414 399 555 487 partium
573 401 672 484 situs,
697 417 729 467 et
747 417 865 466 motus.
882 403 988 488 Atque
1009 399 1094 464 hauc
1114 395 1295 466 sententiam

239 505 277 568 iis
289 521 375 568 recte
387 504 504 587 tribui,
517 505 574 594 qui
586 522 730 589 atomos,
742 507 807 571 sive
817 527 992 594 corporum
1004 506 1182 589 elementa,
1194 523 1297 594 prater

238 607 372 700 figuram
389 625 422 674 et
437 625 564 676 motum
583 611 664 676 nihil
680 611 833 676 babentia
856 611 999 700 proprii,
1021 608 1242 675 adhibuerunt
1262 609 1297 674 ad

237 713 352 778 mundi
376 715 531 780 fabricam
555 715 797 807 explicandam:
815 732 929 781 auctor
950 732 999 780 est
1020 716 1225 798 Aristoteles,
1247 717 1297 804 qui

237 821 322 886 lianc
346 823 538 887 sententiam
564 839 830 911 oppugnaturus,
857 843 928 886 eam
952 823 1135 888 luculenter
1158 823 1298 912 exposuit

238 926 300 1014 (de
321 951 428 1012 semu,
446 946 477 991 et
496 928 653 1010 sensibili,
671 951 700 993 c.
723 933 766 1008 4:
786 940 935 1010 Δημόκριτος
953 933 1001 1005 dl,
1020 938 1063 994 m*
1082 939 1103 990 sl
1127 942 1239 992 statere
1257 944 1299 990 sei

237 1052 399 1123 φυσιολόγων,
418 1051 471 1104 deu
492 1053 590 1122 λέγουσι
609 1051 665 1124 napi
686 1051 837 1116 αἰσθήσιος,
861 1053 1025 1106 ἀτοπώτατόν
1049 1071 1073 1106 τι
1091 1057 1208 1106 ποιοῦσι·
1223 1052 1299 1105 odiet

236 1157 283 1228 γὰρ
295 1157 329 1212 τὰ
338 1157 444 1214 αἰσθητὰ
458 1156 529 1212 ἁπτὰ
540 1163 679 1212 atrebate...
691 1163 742 1219 τοῖς
756 1161 843 1220 κοινοῖς
855 1163 904 1212 τῶν
916 1157 1051 1216 uouerat
1061 1164 1170 1228 speum
1180 1161 1212 1218 a:
1224 1153 1297 1218 tetus·

211 1257 214 1262 Α
237 1266 337 1336 ,sepsos
351 1263 413 1336 γὰρ,
432 1263 474 1318 ael
489 1269 591 1336 σχῆμα,
612 1265 653 1320 ael
669 1267 698 1319 τὸ
717 1267 808 1338 τραχὺ,
824 1265 867 1318 ael
882 1267 910 1319 ab
926 1268 1006 1332 laios,
1022 1267 1058 1320 ln
1072 1259 1102 1320 dl
1116 1267 1144 1318 sl
1159 1261 1299 1336 speum

236 1373 265 1424 sb
276 1371 332 1435 ut,
347 1373 374 1424 sb
386 1373 411 1424 lt
423 1373 475 1432 τοῖς
487 1371 581 1442 ὄγκοις,
590 1371 662 1424 κοινὰ
675 1377 724 1425 τῶν
740 1370 876 1427 dudasela
890 1373 960 1425 ian·
978 1371 1001 1424 el
1017 1365 1047 1424 tt
1064 1369 1098 1424 sit
1111 1367 1168 1424 tatu
1182 1371 1215 1433 εἶς
1226 1373 1298 1423 ταῦτα

237 1475 383 1546 ἀνάγουσιν,
396 1476 479 1546 decep
497 1477 661 1548 Δημόκριτος·
680 1479 709 1530 τὸ
726 1477 774 1548 γὰρ
792 1479 874 1532 leudi
883 1517 892 1542 ,
907 1477 949 1531 »ei
965 1478 995 1532 sb
1013 1479 1108 1548 pibus,
1126 1479 1155 1530 ab
1174 1479 1215 1547 pls
1231 1477 1298 1544 ami

238 1599 307 1651 qaeu
322 1575 399 1648 alsat,
414 1585 444 1636 ab
463 1577 494 1638 dl
512 1585 591 1636 λιῖον·
609 1585 642 1646 αἶς
662 1578 692 1636 dl
711 1583 745 1640 τὰ
759 1585 880 1655 σχήματα
894 1584 980 1656 &adrat
997 1585 1053 1646 sebe
1067 1579 1188 1654 χυμούς).
1204 1577 1300 1662 Atque

237 1677 306 1742 haec
324 1701 481 1744 sensuum
502 1695 679 1746 restaurata
694 1679 939 1769 quodammodo
956 1679 1110 1760 firmitas,
1129 1679 1250 1744 credita
1263 1679 1299 1744 ob

238 1786 463 1851 testimonium
479 1802 584 1852 metus
595 1805 759 1878 apertum,
770 1811 832 1852 nec
843 1788 907 1852 ulla
919 1810 954 1852 re
965 1809 1123 1875 umquam
1137 1786 1299 1866 elevatum,

238 1890 367 1956 redtixit
387 1893 484 1957 etiem
504 1893 644 1958 alterum
665 1893 748 1958 illud
768 1886 997 1982 antiquorum,
1015 1914 1085 1956 esse
1102 1891 1222 1956 mentis
1238 1914 1299 1954 om·

239 2017 315 2060 narn
338 1997 404 2061 vim
422 2021 521 2064 sensu
545 1995 831 2088 comprehensam,
855 2019 1056 2086 omnemque
1078 1997 1299 2087 cogitationem

239 2115 366 2164 motum
386 2101 559 2188 quemdam
575 2125 594 2166 a
611 2126 670 2169 sua
688 2127 783 2169 cause
799 2119 925 2169 natum·

284 2234 297 2260 α
306 2203 364 2268 llla
376 2205 443 2294 ipsa
455 2223 564 2274 autem
576 2209 736 2272 sententia
752 2207 794 2273 de
805 2231 922 2290 sensu,
936 2206 1106 2296 tripliciter
1122 2223 1192 2301 erat
1203 2205 1300 2270 divisa

239 2309 314 2376 Alit
328 2312 434 2394 enim,
453 2329 491 2377 ut
510 2313 734 2396 Democritus,
753 2332 869 2402 praeter
886 2337 1078 2380 communes
1095 2314 1172 2378 istas
1195 2335 1300 2402 corpo*

239 2437 314 2478 rum
341 2417 527 2503 qualitates,
545 2439 617 2505 quae
641 2435 730 2483 tactu
752 2420 1014 2509 perciperentur,
1040 2420 1205 2508 negabant
1226 2413 1301 2482 aliud

241 2519 419 2608 quidquam
437 2546 522 2607 esse,
540 2523 630 2612 quod
647 2548 761 2590 sensus
778 2525 874 2590 nobis
891 2525 932 2590 de
949 2547 987 2590 ea
1002 2525 1150 2614 corporis
1169 2539 1301 2601 textura,

242 2641 274 2688 et
290 2629 567 2711 conformatione,
583 2631 670 2695 unde
681 2632 742 2720 ipsi
760 2648 867 2696 essent
881 2632 961 2712 orti,
975 2629 1213 2722 significarent,
1227 2628 1302 2692 ideo·

243 2753 308 2819 que
331 2733 412 2796 nihil
438 2755 492 2798 eos
517 2734 558 2798 de
582 2748 696 2798 natura
722 2756 851 2817 rerum,
876 2753 933 2802 aut
958 2735 1035 2804 false
1060 2735 1156 2800 nobis
1177 2733 1300 2798 tradere.
1349 2773 1350 2776 =

242 2837 329 2918 Alai,
339 2855 377 2902 ut
385 2839 562 2926 Epicurus,
573 2841 630 2927 qui
641 2858 797 2930 negarent
806 2842 868 2928 ipsi
880 2863 1029 2930 quoque,
1040 2839 1301 2928 praetermodum,

244 2960 278 3007 et
289 2945 430 3032 partium
445 2943 581 3034 liguram
594 2967 632 3010 ac
646 2947 934 3035 compositionem,
945 2947 1043 3012 rebus
1061 2946 1240 3034 quidquam
1255 2943 1301 3008 tn'·

184 3081 187 3090 ν
243 3049 413 3114 buendum
433 3073 518 3134 esse,
533 3051 597 3117 hoc
615 3050 799 3115 addebant:
816 3073 854 3114 re
869 3051 1011 3115 sensibili
1029 3067 1118 3116 certo
1135 3051 1235 3116 modo
1247 3047 1301 3114 col·

244 3153 363 3236 locata,
384 3171 417 3220 et
434 3174 522 3221 certo
536 3180 555 3220 a
571 3156 665 3220 nobis
682 3154 851 3220 intervallo
868 3153 1024 3238 distante,
1041 3177 1149 3220 sensus
1163 3177 1255 3244 posse
1269 3152 1300 3216 de

244 3258 305 3322 illis
317 3261 393 3348 ipsis
405 3263 473 3341 ejus
485 3261 692 3350 qualitatibus
704 3283 952 3348 nonnumquam
962 3284 1076 3326 verum
1090 3261 1300 3327 testimonium

245 3364 426 3452 perhibere.
446 3369 532 3431 Hinc
548 3390 686 3442 sensum,
707 3385 868 3456 quatenus
884 3368 984 3432 animi
1003 3383 1087 3432 esset
1102 3367 1247 3456 quaedam
1261 3363 1300 3428 al·

246 3469 361 3552 lectio,
376 3494 490 3536 verum
512 3496 580 3538 esse
598 3496 749 3554 omnem,
765 3491 799 3537 ct
816 3496 959 3561 semper3
977 3491 1137 3561 quatenus
1154 3475 1250 3538 animi
1268 3469 1300 3532 de

246 3597 282 3637 re
293 3591 425 3640 externa
434 3577 605 3662 judicium,
616 3596 688 3643 tum
703 3578 847 3659 demum,
858 3561 960 3668 quum
973 3596 1005 3642 et
1015 3580 1062 3642 rei
1077 3601 1179 3644 sensae
1191 3580 1266 3644 situs
1275 3589 1300 3638 et

247 3678 415 3764 distantia,
433 3700 464 3746 et
480 3683 527 3747 rei
540 3684 738 3749 intermediae
755 3683 918 3767 conditio,
935 3691 972 3748 et'
986 3706 1099 3748 sensus
1114 3685 1299 3748 instrumen·
1347 3751 1348 3758 q

248 3803 318 3849 uun
335 3787 494 3867 ejusmodi
513 3807 613 3871 esset,
634 3789 816 3870 cujusmodi
838 3787 879 3854 ad
899 3791 984 3854 bene
999 3786 1242 3879 percipiendum
1259 3805 1300 3848 re·

248 3895 439 3980 quir'eretur.
458 3897 496 3959 ln
515 3919 578 3984 qua
597 3921 631 3961 re
645 3896 756 3962 deerat
772 3898 836 3960 hoc
850 3921 972 3978 unuin,
990 3896 1081 3983 quod
1097 3919 1165 3960 non
1181 3893 1299 3958 definie-

247 3999 358 4084 batur,
374 4003 479 4090 qualia
492 4003 628 4068 omnino
640 4004 765 4092 singula
778 4005 837 4069 isto
849 4027 918 4069 esse
932 4003 1104 4085 deberent,
1117 4019 1155 4068 ut
1167 3999 1299 4068 sensibus
1346 4083 1347 4094 ἵ
