2744 4684
251 347 323 436 384
595 354 643 420 Μ.
669 353 707 418 Τ.
734 351 979 423 CICERONIS

251 473 434 571 cognitum
452 473 567 570 possit
587 495 674 544 esse.
694 476 840 569 ltaque,
861 474 933 561 ait,
947 473 1182 546 vehementer
1198 499 1310 548 enare

250 606 331 670 eos,
348 585 412 680 qui
428 579 570 670 dicant,
583 579 628 652 ah
646 579 826 653 academia
840 606 968 656 seusus
983 585 1096 682 eripi,
1111 610 1133 656 a
1146 583 1308 683 quibus¹⁷

249 717 450 790 numquam
470 692 607 765 dictum
625 693 689 779 sit,
704 705 767 762 aut
782 691 963 782 colorem,
977 708 1040 765 aut
1055 717 1240 791 saporem,
1254 709 1309 766 aut

248 827 380 875 sonum
390 802 534 875 nullum
543 797 620 874 esse
630 828 640 890 ;
652 801 742 873 illud
756 801 802 874 sit
817 800 1042 899 disputatum
1052 795 1099 892 ¹⁸,
1112 828 1189 874 non
1200 804 1308 874 inesse

246 914 285 984 in
312 912 368 984 his
393 913 597 1011 propriam,
623 936 705 1009 quaa
728 936 909 1009 nusquam
935 911 1020 984 alibi
1041 927 1154 1001 esset,
1178 914 1255 985 veri
1277 928 1308 982 et

184 1053 232 1111 104
246 1025 335 1094 certi
353 1036 487 1094 notam.
507 1022 596 1109 Qum
614 1045 729 1119 quum
745 1024 989 1120 exposuisset,
1008 1021 1172 1120 adjungit
1183 1035 1227 1113 ¹⁹,
1247 1023 1308 1094 du-

246 1131 386 1228 pliciter
400 1130 472 1204 dici
485 1155 650 1202 assensus
666 1134 843 1203 sustinere
860 1133 1058 1229 sapientem
1072 1161 1079 1201 ι
1093 1157 1170 1208 uuo
1185 1131 1308 1220 modo,

246 1266 359 1339 quum
381 1243 450 1314 hoc
474 1240 705 1338 intelligatur,
725 1244 876 1314 omnino
898 1267 983 1314 eum
1004 1245 1058 1314 rei
1080 1241 1172 1314 nulli
1195 1267 1310 1314 assem

246 1353 322 1439 tiri;
337 1351 470 1436 alter0,
483 1375 600 1448 quum
618 1375 656 1421 se
669 1375 691 1420 a
704 1351 961 1448 respondendo
970 1405 979 1440 ,
989 1366 1041 1450 ut
1056 1367 1119 1423 aut
1134 1351 1310 1452 approbet

243 1458 352 1556 quid,
370 1473 432 1529 aut
448 1458 629 1557 improbet
638 1471 683 1548 ²⁰,
706 1463 901 1547 sustineat,
917 1475 959 1533 ut
981 1469 1101 1559 neque
1118 1478 1229 1560 neget
1246 1463 1306 1533 ali·

244 1567 350 1667 quid,
365 1593 485 1667 neque
499 1575 625 1641 aiat²¹.
639 1567 682 1640 Id
695 1595 809 1667 quum
828 1572 877 1641 ita
899 1572 963 1659 sit,
981 1569 1135 1642 alterum
1154 1571 1309 1669 placere,

281 1807 321 1855 ιι.
341 1792 381 1842 Ab
397 1791 533 1841 Academia
548 1807 632 1841 sensus
648 1791 724 1856 eripi,
738 1809 755 1838 a
799 1807 851 1840 non
863 1807 914 1840 esse
926 1792 988 1840 tanti
998 1812 1019 1852 ι,
1033 1791 1187 1854 pronuntiat.
1201 1792 1254 1841 Nos
1265 1807 1310 1840 rem

243 1869 340 1934 quibus.
362 1871 521 1920 Scribendum
545 1871 644 1936 proprie
664 1879 715 1918 erat
737 1886 756 1918 a
798 1887 894 1935 gravem
912 1871 950 1934 agi
969 1869 1111 1929 statuimus,
1130 1870 1152 1918 si
1170 1885 1223 1918 nou
1240 1870 1310 1918 modo

242 1967 312 2014 qua:
323 1949 366 1999 sed
377 1967 452 2016 quum
466 1952 491 1998 ln
506 1950 643 1999 Academia
655 1947 755 1998 Acade·
798 1949 829 1998 de
837 1951 942 2014 ingenua
953 1950 1059 1998 auctoris
1069 1965 1144 1997 manu
1155 1949 1310 2012 quarendum

243 2028 300 2076 mici
309 2031 443 2078 necessario
455 2031 601 2093 cogitamur,
610 2038 635 2075 et
646 2027 677 2075 de
689 2028 757 2076 Aca·
797 2029 843 2087 sit,
855 2029 897 2077 sed
910 2029 930 2075 si
940 2027 978 2076 vel
988 2039 1074 2077 contra
1086 2027 1178 2091 liuguae
1190 2029 1310 2092 ingenium

243 2107 321 2155 demis
341 2123 393 2154 nou
409 2107 489 2164 bene,
504 2123 559 2154 eam
579 2106 676 2168 dicere,
694 2105 756 2170 poni
796 2106 1169 2174 peccatumvideas.Qulaeuiua
1178 2107 1309 2154 hancstru-

243 2194 336 2248 posset,
348 2185 444 2234 addidit
456 2195 542 2234 auctor
554 2201 570 2232 a
584 2184 683 2250 quibus,
696 2184 715 2233 i.
730 2200 755 2233 e.
797 2197 891 2236 oturaut
902 2185 1002 2234 latinam
1009 2184 1146 2245 judicabit,
1162 2205 1174 2228 ι
1187 2201 1202 2232 ι
1213 2201 1310 2248 respon·

243 2286 256 2306 .
274 2263 365 2327 quippe
387 2281 443 2327 quas
459 2263 599 2312 Academici
623 2277 754 2327 numquam
797 2265 880 2314 dendo
893 2281 919 2312 se
932 2263 1067 2322 sustineat,
1082 2274 1110 2312 ut
1121 2275 1165 2310 aut
1178 2265 1310 2329 approbet.

244 2341 380 2392 dixerint».
389 2343 569 2406 liujuaganeris
579 2339 691 2404 exempla
700 2359 755 2407 pas·
797 2356 845 2394 etc.
856 2365 870 2386 ι
888 2354 933 2391 aut
950 2357 995 2406 pro
1014 2357 1060 2388 nec
1077 2343 1178 2406 posita?
1196 2347 1233 2390 lta
1251 2343 1309 2391 euim

243 2420 547 2469 cenomannorum
557 2422 586 2483 l,
598 2421 647 2480 34,
663 2420 695 2480 d,
708 2431 756 2470 ιιιι
796 2421 889 2486 ubique
898 2422 990 2478 Latini,
1003 2429 1047 2482 ut,
1060 2443 1072 2462 α
1082 2437 1121 2468 me
1131 2423 1240 2470 sustineo
1250 2438 1264 2469 a
1273 2437 1307 2480 ne,

243 2515 327 2548 eorum
337 2499 417 2563 vigeat
430 2498 579 2547 industria».
592 2499 641 2548 Ubi
651 2515 682 2548 ex
690 2514 755 2564 pra·
797 2518 828 2551 ne
838 2519 862 2551 r.
874 2516 925 2565 quo
934 2500 1014 2547 minus
1022 2515 1050 2562 ις
1061 2510 1156 2550 ant-ut
1167 2517 1227 2550 ne...
1239 2517 1308 2553 neon.

147 2599 150 2608 ¹
244 2580 331 2644 gressis
348 2578 429 2627 verbis
448 2601 462 2620 ι
475 2579 584 2626 Ineuntis
604 2579 714 2640 aetatis»,
731 2589 756 2628 et
797 2590 949 2631 construant
963 2579 1044 2627 Possis
1065 2578 1118 2626 lateo
1138 2579 1243 2643 quidem
1257 2596 1310 2643 pso·

243 2659 315 2708 abac
321 2669 395 2707 auen
405 2659 505 2723 cogitari
516 2657 588 2707 debet
591 2657 716 2721 jussuum.
721 2655 754 2709 G.
797 2663 863 2709 xime
871 2660 904 2707 ad
913 2674 954 2706 vv.
968 2674 1005 2706 «a
1018 2657 1192 2722 respondendo
1205 2680 1226 2719 ι,
1241 2659 1309 2706 relata

281 2740 323 2788 ss.
342 2735 378 2785 stt
394 2737 551 2801 disputatum.
565 2739 670 2786 Goersua
688 2737 755 2786 malit
797 2737 1134 2804 putareusvdsumonus,
1140 2737 1185 2784 sed
1192 2737 1309 2795 amauit,

243 2817 318 2866 deleri
332 2817 366 2866 sit
380 2828 408 2866 ut
421 2818 532 2882 spurium
549 2827 573 2864 st
586 2833 600 2864 a
614 2815 699 2865 scribis
717 2817 755 2865 in-
796 2817 891 2866 iuisset.
904 2815 952 2864 Sed
967 2815 1057 2863 adsunt
1073 2816 1144 2863 etiam
1162 2815 1211 2864 alia
1229 2817 1309 2879 glossa

242 2907 347 2946 vectum.
796 2897 872 2961 aigun.
893 2897 953 2944 Tres
971 2895 1019 2942 mei
1038 2910 1094 2942 oum
1115 2895 1169 2943 allis
1186 2896 1306 2959 pluribus,

280 2993 320 3040 ²9·
331 2976 391 3039 Quoe
403 2991 477 3039 quum
488 2974 648 3040 exposuisset,
662 2975 754 3040 ueir'urs-
796 2989 882 3025 uteret
893 2975 1025 3042 ignorant3
1040 2985 1146 3038 quatuor
1158 2987 1242 3026 autesn
1257 2987 1308 3041 poat

240 3055 285 3120 gis.
299 3057 375 3104 Recte
387 3070 494 3119 praesens
504 3053 650 3120 aclJ'ungitse
661 3055 750 3104 habet:
796 3054 927 3120 improbet,
940 3055 1041 3103 alterum
1054 3053 1116 3120 quid
1124 3053 1235 3104 addunt:
1248 3055 1308 3103 uude

242 3144 278 3182 est
292 3135 356 3182 euim
373 3133 514 3199 scriptoris,
529 3135 597 3194 cnjus
612 3132 686 3182 verba
699 3133 752 3182 lau·
796 3135 906 3199 impressi
918 3145 1049 3197 vett.quos
1059 3133 1219 3192 ustionem,
1229 3135 1306 3199 priore

242 3212 346 3270 dantum
359 3212 428 3276 quod
442 3213 500 3260 alica
511 3210 637 3260 sollicitari
651 3211 681 3260 als
694 3213 752 3260 intt.
796 3213 859 3279 quid
870 3213 965 3272 deleto,
979 3212 1101 3277 posterius
1115 3223 1223 3263 servm.
1235 3215 1277 3262 His
1289 3213 1307 3258 si

242 3291 321 3352 solet,
342 3300 371 3338 et·
388 3292 491 3340 maxime
513 3289 543 3338 ab
564 3292 686 3338 Emestio.
712 3291 753 3341 Cl.
797 3292 901 3356 denique
911 3289 1185 3358 ιιιῖιοιιιιιτσιιτολιγὶαν
1195 3290 1308 3352 adjunxe-

241 3370 322 3418 Bra-i
334 3369 366 3416 ad
377 3372 431 3418 Fin.
446 3372 472 3432 1,
486 3371 511 3419 8.
528 3372 591 3418 ilino
606 3370 668 3418 lorte
680 3371 752 3418 οιίιιιι
795 3373 841 3430 ria,
851 3387 912 3435 qua,
921 3369 969 3418 illis
980 3371 1090 3429 mentia,
1102 3369 1173 3418 loeus
1183 3379 1304 3434 gravatur,

242 3447 328 3496 scribas
343 3447 457 3498 turbant:
471 3465 526 3499 nam
537 3449 601 3498 Gud.
616 3459 640 3496 et
653 3449 684 3497 fr.
697 3449 752 3497 cod.
795 3449 858 3498 nihil
871 3451 928 3509 erit,
944 3465 988 3497 our
1001 3449 1120 3497 rationem
1131 3459 1242 3512 nostram
1253 3449 1306 3513 plu·

242 3527 354 3593 udjmrgit
363 3529 484 3589 nesciunt,
495 3540 520 3578 et
529 3529 569 3578 laio
578 3527 639 3577 dicis
647 3544 693 3594 pro
703 3527 755 3578 dici
795 3527 863 3576 ribus
876 3525 1055 3576 confirmemus.
1066 3527 1236 3592 superscripta
1245 3541 1305 3574 nem·

242 3606 323 3654 relect.
338 3605 369 3654 G.
795 3623 827 3672 pe
838 3606 890 3654 laec
901 3605 993 3660 verbis.
1004 3627 1017 3648 α
1027 3616 1055 3652 ut
1066 3616 1108 3654 aut
1122 3615 1196 3669 neget
1204 3604 1305 3670 aliquid,

279 3701 321 3734 ao.
342 3685 474 3732 Utaut...
490 3685 612 3751 improbet.
628 3687 700 3745 llseo,
716 3686 755 3734 in·
796 3697 838 3734 ιιιι
859 3686 949 3742 siat»,
970 3695 1058 3744 mant,
1082 3695 1157 3748 atque
1178 3683 1265 3733 deinde
1282 3684 1305 3731 iu

242 3766 296 3831 quit
313 3767 434 3824 Goereua,
446 3767 490 3829 qui
503 3767 572 3814 uncis
586 3766 704 3826 inclusit,
723 3779 753 3814 ex
796 3776 890 3814 textum
902 3764 978 3812 illata.
993 3767 1026 3814 G.

242 3844 383 3908 glossemata
399 3859 465 3902 esse,
482 3846 616 3909 suspicatus
633 3855 671 3894 est
682 3845 753 3893 Grut.
833 3859 885 3891 au·
896 3845 928 3891 Ut
945 3859 1023 3907 usque
1040 3853 1110 3908 neget
1126 3842 1162 3890 al.
1178 3858 1232 3906 neq.
1250 3841 1303 3890 ιιιίιι.

241 3925 352 3989 viditque
372 3923 456 3983 Daris.
476 3923 519 3987 qui
537 3933 593 3971 aute
610 3939 656 3972 nos
675 3939 753 3973 uuoos
796 3919 928 3988 oppositio
939 3923 1056 3986 vulgaris,
1069 3922 1113 3971 aad
1124 3938 1138 3969 a
1151 3921 1304 3988 scripton'bus

241 4004 330 4068 spuriis
346 4001 465 4050 adhibuit.
483 4003 540 4050 Em.
559 4003 753 4052 commemoratis
796 4001 900 4052 librariis
921 4001 1024 4068 pessime
1047 4009 1163 4064 corrupta
1186 4019 1210 4050 v.
1236 4017 1259 4048 e.
1276 3999 1303 4047 de
1357 4067 1358 4070 Ἴ

242 4079 331 4130 horum
345 4080 485 4140 sententiis,
500 4079 562 4127 miro
577 4079 666 4144 modo,
681 4103 692 4123 κ
703 4098 752 4130 rem
796 4067 1304 4146 Legg.l.11,6,ibiv.1'tps.etttavisqet
1357 4119 1358 4144 ,
