2776 4688
118 404 120 420 ¹
248 399 293 472 58
548 388 551 392 ’
614 403 948 474 mancatione.

245 525 328 614 agit,
345 525 575 613 pronuntiatur
592 547 600 590 t
618 555 631 581 ι
648 525 706 590 Est
722 549 800 591 vero
818 525 882 609 hic,
899 542 956 590 aut
972 525 1036 589 luit
1053 543 1215 613 nusquam
1232 545 1317 613 gen·

245 632 328 698 tium
340 661 364 696 n.
378 633 447 698 Neo
459 632 535 696 solis
551 631 667 698 Stoicis
683 633 747 698 hoo
763 635 898 723 placuit,
912 632 969 698 sed
980 646 1014 698 et
1026 653 1140 696 omnes
1151 631 1219 696 fere
1232 653 1317 721 gen·

246 739 328 802 tium
337 739 503 828 Sapientes
512 737 693 828 producere
703 761 872 828 possemus
882 740 895 828 (
901 739 928 828 r)
939 787 948 822 ,
964 739 1021 828 qui
1035 760 1104 802 non
1114 739 1220 804 solum
1231 737 1317 801 nulli

244 867 402 933 umquam
414 844 609 933 Sapientiam
626 845 815 934 contigisse,
832 844 890 911 sed
907 867 968 910 nec
986 843 1175 933 contingere
1185 843 1317 907 homini

245 973 340 1040 posse
352 966 460 1039 aperte
477 966 556 1015 sunt
571 951 717 1039 professi.
735 951 819 1016 Sunt
833 967 942 1016 autern
961 950 1011 1015 hte
1023 950 1169 1039 gentium
1183 951 1317 1014 conses-

244 1056 352 1121 siones
380 1055 657 1122 animadversione
674 1055 802 1145 dignm,
829 1079 890 1147 pro
914 1056 969 1120 illo
994 1056 1068 1120 Divi
1094 1054 1186 1120 Pauli
1202 1053 1317 1118 dicto:

244 1161 339 1228 Nihil
348 1165 431 1228 erum
448 1161 671 1252 adpaffectnm
686 1163 828 1230 adduxit
842 1163 895 1228 lex
908 1163 956 1252 (a)
974 1185 982 1229 ε
999 1161 1208 1250 Philosophia
1223 1160 1318 1225 enim

245 1268 346 1335 instar
363 1268 441 1358 legis
462 1268 576 1350 habet,
600 1290 675 1334 nam
690 1268 847 1358 ‹y'usmodi
871 1269 972 1357 legem
993 1289 1056 1332 noa
1074 1265 1238 1350 habenta,
1256 1272 1320 1355 {asi

118 1415 120 1420 ·
155 1465 158 1472 Ι
244 1373 305 1438 sibi
318 1387 394 1439 sant
415 1373 472 1438 lex
485 1373 542 1464 (3).
561 1375 648 1441 Illud
666 1377 852 1442 etiamnon
870 1372 1203 1464 praetermittendum,
1222 1373 1318 1461 quod

244 1504 263 1546 a
276 1482 389 1546 Diocle
404 1482 491 1572 apud
506 1483 668 1548 Laertium
686 1483 734 1573 (4)
752 1499 801 1549 est
814 1483 987 1565 traditum,
1003 1482 1102 1546 hiisse
1115 1481 1242 1546 Stoicos
1255 1480 1318 1544 ali·

246 1609 349 1676 qnos,
369 1589 489 1677 quibus
513 1591 654 1655 Zenonis
675 1589 717 1656 de
735 1591 874 1654 Criterio
895 1589 1054 1654 sententia
1072 1610 1140 1652 non
1156 1586 1317 1675 probare-

245 1707 309 1758 tur.
328 1693 412 1759 Nam
430 1695 628 1784 antiquiores
645 1695 779 1786 quidam
792 1696 911 1778 Stoici,
926 1711 965 1760 ut
972 1693 1168 1760 Posidonius
1180 1693 1216 1756 in
1229 1691 1319 1756 libro

245 1797 286 1864 de
302 1799 439 1868 Criterio
456 1801 599 1891 scripsit,
615 1819 710 1867 rectae
725 1802 843 1869 ratiom
857 1800 1016 1882 judicium
1033 1799 1174 1864 renuas
1193 1798 1320 1862 tribue

246 1921 334 1970 runt.
352 1907 496 1972 Boethus
513 1907 559 1996 (5)
580 1924 742 1990 mentem,
760 1888 792 1972 et
807 1929 955 1989 sensum,
980 1922 1013 1971 et
1028 1902 1158 1986 tpnfitnid
1172 1920 1237 1986 est,
1252 1925 1318 1990 ap-

239 2013 458 2098 psts'tum,seu
475 2016 774 2102 appetitionem,seu
788 2015 990 2100 desidenitnt,
1005 2029 1037 2076 et
1052 2011 1236 2093 scientiam,
1251 2012 1318 2074 cri·

245 2117 325 2180 teria
344 2115 424 2182 dicit
445 2141 454 2182 s
472 2119 671 2210 Chrysippus
692 2121 726 2184 in
747 2120 832 2184 libro
854 2117 895 2184 de
919 2120 1045 2184 radone
1072 2119 1123 2182 vel
1145 2137 1318 2196 sermone,

245 2243 372 2286 sensum
383 2238 416 2287 et
422 2223 584 2314 prolepsin
590 2273 601 2306 ,
615 2226 742 2290 criteria
756 2226 869 2290 statuit
885 2225 941 2314 (6).
955 2225 1079 2289 Tamen
1094 2223 1236 2288 Galenus
1248 2219 1318 2309 (y),

248 2329 387 2394 Zenonis
404 2332 614 2415 sententiam,
633 2331 832 2415 deCriterio,
846 2317 1029 2422 Chrysippo
1044 2329 1168 2396 tribuit.
1183 2327 1262 2394 Hac
1272 2327 1318 2392 de

245 2435 355 2502 Stoico
370 2439 518 2505 Criterio.
573 2443 575 2456 '

434 2660 504 2740 SV.
527 2659 578 2723 De
596 2658 775 2742 Carneade,
791 2675 824 2724 et
836 2683 918 2726 nova
934 2647 1121 2726 Academia.

288 2856 341 2922 32.
360 2858 506 2924 Arcesila
530 2860 684 2924 successit
706 2860 743 2924 in
765 2859 936 2924 Academia
959 2857 1117 2948 Lacydes,
1136 2857 1213 2945 qui,
1229 2856 1314 2922 dum

244 2961 352 3030 adhuc
371 2964 514 3046 viveret,
544 2965 674 3029 Teleclo
698 2980 732 3028 et
755 2963 906 3029 Evandro
924 2963 1147 3032 Phocensibus
1166 2963 1315 3028 scholam

241 3068 416 3160 regendam
434 3069 576 3137 tradidit.
598 3070 785 3136 Evandrum
802 3085 959 3160 sequutus
975 3087 1024 3134 est
1039 3069 1219 3159 Hegesinns
1236 3068 1318 3132 Per·

240 3199 414 3265 gamenus,
432 3188 512 3266 'post
539 3199 639 3266 quem
663 3175 846 3245 Carneades
876 3175 1096 3266 Cyrenensis,
1116 3174 1317 3238 Clitomachi

241 3281 345 3364 Poeni,
356 3289 462 3369 'quem
477 3283 648 3348 Larissaeus
661 3282 755 3348 Philo
766 3281 905 3365 audivit,
924 3281 1092 3372 magister,
1106 3278 1315 3345 Academiam

243 3387 358 3454 tenuit.
375 3389 437 3452 llic
464 3405 512 3453 est
531 3389 585 3458 ille
603 3388 802 3472 Carneades,
826 3390 918 3470 cujus
937 3389 1020 3453 etin
1037 3387 1202 3469 Oratoria,
1228 3387 1315 3450 etin

280 3612 319 3680 (a)
335 3611 569 3666 nitorimenta
580 3618 705 3681 Lycurgo.

279 3701 319 3771 (a)
336 3703 415 3752 llehr.
427 3720 452 3766 y,
464 3719 500 3752 va.
515 3719 555 3769 ¹9·

280 3788 318 3856 (3)
334 3793 410 3839 liora.
424 3805 507 3852 a,vs.
524 3798 566 3848 rs.

278 3879 317 3946 (4)
334 3882 365 3928 In
379 3879 486 3934 baone,
498 3877 541 3926 lib.
548 3880 609 3940 vt1,
618 3891 677 3930 sect.
687 3882 739 3942 48,
753 3891 796 3944 49.

278 3967 318 4036 (5)
333 3965 445 4016 Valentia
458 3948 520 4014 male
535 3967 665 4032 scripserat
679 3968 786 4018 Boetius.

280 4055 318 4124 (6)
335 4057 417 4104 hert.
427 4055 454 4102 in
463 4055 572 4114 huone,
581 4053 625 4103 lib.
634 4058 699 4117 VII,
711 4066 769 4104 sect.
782 4055 823 4112 54.

281 4141 320 4208 (7)
333 4143 370 4191 De
380 4141 478 4208 placitis
485 4142 607 4207 llippoor.
618 4153 643 4191 et
655 4142 717 4193 Plat.
730 4142 775 4192 lih.
792 4143 840 4202 lx,
856 4159 909 4206 cap.
919 4157 943 4208 7.
