<?xml version="1.0" encoding="UTF-8"?>
<!DOCTYPE html PUBLIC "-//W3C//DTD XHTML 1.0 Transitional//EN"
    "http://www.w3.org/TR/xhtml1/DTD/xhtml1-transitional.dtd">
<html xmlns="http://www.w3.org/1999/xhtml" xml:lang="en" lang="en">
 <head>
  <title>
</title>
<meta http-equiv="Content-Type" content="text/html;charset=utf-8" />
  <meta name='ocr-system' content='tesseract 3.04.00' />
  <meta name='ocr-capabilities' content='ocr_page ocr_carea ocr_par ocr_line ocrx_word'/>
</head>
<body>
  <div class='ocr_page' id='page_1' title='image "./mtciceronisquae01lemagoog_0098.png"; bbox 0 0 2762 4682; ppageno 0'>
   <div class='ocr_carea' id='block_1_1' title="bbox 236 323 925 426">
    <p class='ocr_par' dir='ltr' id='par_1_1' title="bbox 236 323 925 426">
     <span class='ocr_line' id='line_1_1' title="bbox 236 323 925 426; baseline -0.012 -27"><span class='ocrx_word' id='word_1_1' title='bbox 236 329 282 426; x_wconf 76' lang='lat'><strong>7⁸</strong></span> <span class='ocrx_word' id='word_1_2' title='bbox 596 323 925 398; x_wconf 75' lang='lat' dir='ltr'><strong>sumonucno.</strong></span> 
     </span>
    </p>
   </div>
   <div class='ocr_carea' id='block_1_2' title="bbox 180 443 1353 3794">
    <p class='ocr_par' dir='ltr' id='par_1_2' title="bbox 230 443 1313 1282">
     <span class='ocr_line' id='line_1_2' title="bbox 233 443 1310 539; baseline -0.006 -22"><span class='ocrx_word' id='word_1_3' title='bbox 233 451 323 518; x_wconf 90' lang='lat' dir='ltr'><strong>modi</strong></span> <span class='ocrx_word' id='word_1_4' title='bbox 355 449 516 539; x_wconf 69' lang='lat' dir='ltr'><strong>equalitas</strong></span> <span class='ocrx_word' id='word_1_5' title='bbox 552 449 792 538; x_wconf 81' lang='lat' dir='ltr'><strong>comperiatur,</strong></span> <span class='ocrx_word' id='word_1_6' title='bbox 819 447 901 511; x_wconf 89' lang='lat' dir='ltr'><strong>nihil</strong></span> <span class='ocrx_word' id='word_1_7' title='bbox 928 444 1014 510; x_wconf 88' lang='lat' dir='ltr'><strong>aliud</strong></span> <span class='ocrx_word' id='word_1_8' title='bbox 1042 444 1106 511; x_wconf 84' lang='lat' dir='ltr'><strong>also</strong></span> <span class='ocrx_word' id='word_1_9' title='bbox 1135 445 1176 511; x_wconf 87' lang='lat' dir='ltr'><strong>ad</strong></span> <span class='ocrx_word' id='word_1_10' title='bbox 1198 443 1310 511; x_wconf 86' lang='lat' dir='ltr'><strong>fidem</strong></span> 
     </span>
     <span class='ocr_line' id='line_1_3' title="bbox 234 550 1313 646; baseline -0.006 -24"><span class='ocrx_word' id='word_1_11' title='bbox 234 556 412 623; x_wconf 86' lang='lat' dir='ltr'><strong>faciendam</strong></span> <span class='ocrx_word' id='word_1_12' title='bbox 441 556 597 646; x_wconf 81' lang='lat' dir='ltr'><strong>praeferet.</strong></span> <span class='ocrx_word' id='word_1_13' title='bbox 628 555 756 620; x_wconf 88' lang='lat' dir='ltr'><strong>Horum</strong></span> <span class='ocrx_word' id='word_1_14' title='bbox 785 569 894 618; x_wconf 86' lang='lat' dir='ltr'><strong>autem</strong></span> <span class='ocrx_word' id='word_1_15' title='bbox 917 551 1066 615; x_wconf 89' lang='lat' dir='ltr'><strong>omnium</strong></span> <span class='ocrx_word' id='word_1_16' title='bbox 1082 550 1243 631; x_wconf 83' lang='lat' dir='ltr'><strong>J&#39;udicium</strong></span> <span class='ocrx_word' id='word_1_17' title='bbox 1260 552 1313 616; x_wconf 87' lang='lat' dir='ltr'><strong>ad</strong></span> 
     </span>
     <span class='ocr_line' id='line_1_4' title="bbox 231 655 1312 754; baseline -0.008 -25"><span class='ocrx_word' id='word_1_18' title='bbox 231 663 432 754; x_wconf 80' lang='lat' dir='ltr'><strong>phantasiam</strong></span> <span class='ocrx_word' id='word_1_19' title='bbox 451 663 610 742; x_wconf 88' lang='lat' dir='ltr'><strong>refertur,</strong></span> <span class='ocrx_word' id='word_1_20' title='bbox 628 677 666 724; x_wconf 88' lang='lat' dir='ltr'><strong>ut</strong></span> <span class='ocrx_word' id='word_1_21' title='bbox 680 659 814 747; x_wconf 88' lang='lat' dir='ltr'><strong>quidem</strong></span> <span class='ocrx_word' id='word_1_22' title='bbox 831 657 1028 722; x_wconf 82' lang='lat' dir='ltr'><strong>recentiores</strong></span> <span class='ocrx_word' id='word_1_23' title='bbox 1046 655 1231 721; x_wconf 82' lang='lat' dir='ltr'><strong>Academici</strong></span> <span class='ocrx_word' id='word_1_24' title='bbox 1250 656 1312 720; x_wconf 90' lang='lat' dir='ltr'><strong>di·</strong></span> 
     </span>
     <span class='ocr_line' id='line_1_5' title="bbox 231 761 1312 856; baseline -0.008 -21"><span class='ocrx_word' id='word_1_25' title='bbox 231 786 330 852; x_wconf 89' lang='lat' dir='ltr'><strong>cunt,</strong></span> <span class='ocrx_word' id='word_1_26' title='bbox 349 789 415 834; x_wconf 92' lang='lat' dir='ltr'><strong>non</strong></span> <span class='ocrx_word' id='word_1_27' title='bbox 432 767 539 832; x_wconf 88' lang='lat' dir='ltr'><strong>solum</strong></span> <span class='ocrx_word' id='word_1_28' title='bbox 557 767 779 856; x_wconf 86' lang='lat' dir='ltr'><strong>probabilem,</strong></span> <span class='ocrx_word' id='word_1_29' title='bbox 795 787 908 830; x_wconf 79' lang='lat' dir='ltr'><strong>rerum</strong></span> <span class='ocrx_word' id='word_1_30' title='bbox 924 779 957 828; x_wconf 88' lang='lat' dir='ltr'><strong>et</strong></span> <span class='ocrx_word' id='word_1_31' title='bbox 972 761 1252 852; x_wconf 89' lang='lat' dir='ltr'><strong>periodeumenen</strong></span> <span class='ocrx_word' id='word_1_32' title='bbox 1270 779 1312 826; x_wconf 88' lang='lat' dir='ltr'><strong>et</strong></span> 
     </span>
     <span class='ocr_line' id='line_1_6' title="bbox 231 869 1313 964; baseline -0.007 -24"><span class='ocrx_word' id='word_1_33' title='bbox 231 875 469 964; x_wconf 82' lang='lat' dir='ltr'><strong>aperispaston3</strong></span> <span class='ocrx_word' id='word_1_34' title='bbox 487 890 527 938; x_wconf 88' lang='lat' dir='ltr'><strong>ut</strong></span> <span class='ocrx_word' id='word_1_35' title='bbox 534 895 611 938; x_wconf 85' lang='lat' dir='ltr'><strong>vero</strong></span> <span class='ocrx_word' id='word_1_36' title='bbox 621 871 831 961; x_wconf 85' lang='lat' dir='ltr'><strong>Chrysippus,</strong></span> <span class='ocrx_word' id='word_1_37' title='bbox 849 869 1167 959; x_wconf 83' lang='lat' dir='ltr'><strong>comprehensivam3</strong></span> <span class='ocrx_word' id='word_1_38' title='bbox 1185 883 1226 933; x_wconf 92' lang='lat' dir='ltr'><strong>ut</strong></span> <span class='ocrx_word' id='word_1_39' title='bbox 1242 892 1313 932; x_wconf 88' lang='lat' dir='ltr'><strong>au-</strong></span> 
     </span>
     <span class='ocr_line' id='line_1_7' title="bbox 230 973 1312 1064; baseline -0.008 -19"><span class='ocrx_word' id='word_1_40' title='bbox 230 997 298 1046; x_wconf 89' lang='lat' dir='ltr'><strong>tem</strong></span> <span class='ocrx_word' id='word_1_41' title='bbox 311 1001 424 1043; x_wconf 91' lang='lat' dir='ltr'><strong>omnes</strong></span> <span class='ocrx_word' id='word_1_42' title='bbox 445 978 595 1043; x_wconf 88' lang='lat' dir='ltr'><strong>homines</strong></span> <span class='ocrx_word' id='word_1_43' title='bbox 615 978 843 1060; x_wconf 91' lang='lat' dir='ltr'><strong>consentiunt,</strong></span> <span class='ocrx_word' id='word_1_44' title='bbox 857 973 898 1040; x_wconf 87' lang='lat' dir='ltr'><strong>ad</strong></span> <span class='ocrx_word' id='word_1_45' title='bbox 917 995 1048 1039; x_wconf 90' lang='lat' dir='ltr'><strong>sensum</strong></span> <span class='ocrx_word' id='word_1_46' title='bbox 1068 989 1101 1038; x_wconf 90' lang='lat' dir='ltr'><strong>et</strong></span> <span class='ocrx_word' id='word_1_47' title='bbox 1115 973 1312 1064; x_wconf 81' lang='lat' dir='ltr'><strong>intelligen-</strong></span> 
     </span>
     <span class='ocr_line' id='line_1_8' title="bbox 232 1079 1312 1169; baseline -0.006 -18"><span class='ocrx_word' id='word_1_48' title='bbox 232 1087 310 1151; x_wconf 87' lang='lat' dir='ltr'><strong>tiam</strong></span> <span class='ocrx_word' id='word_1_49' title='bbox 329 1084 543 1150; x_wconf 81' lang='lat' dir='ltr'><strong>evidentem».</strong></span> <span class='ocrx_word' id='word_1_50' title='bbox 565 1081 683 1164; x_wconf 80' lang='lat' dir='ltr'><strong>Adjicit</strong></span> <span class='ocrx_word' id='word_1_51' title='bbox 700 1099 732 1148; x_wconf 90' lang='lat' dir='ltr'><strong>et</strong></span> <span class='ocrx_word' id='word_1_52' title='bbox 750 1083 808 1147; x_wconf 89' lang='lat' dir='ltr'><strong>alia</strong></span> <span class='ocrx_word' id='word_1_53' title='bbox 826 1081 867 1146; x_wconf 87' lang='lat' dir='ltr'><strong>de</strong></span> <span class='ocrx_word' id='word_1_54' title='bbox 891 1081 1045 1162; x_wconf 80' lang='lat' dir='ltr'><strong>C&#39;riterio,</strong></span> <span class='ocrx_word' id='word_1_55' title='bbox 1063 1080 1149 1145; x_wconf 88' lang='lat' dir='ltr'><strong>iectu</strong></span> <span class='ocrx_word' id='word_1_56' title='bbox 1166 1079 1312 1169; x_wconf 89' lang='lat' dir='ltr'><strong>quidem</strong></span> 
     </span>
     <span class='ocr_line' id='line_1_9' title="bbox 232 1187 1150 1282; baseline -0.007 -25"><span class='ocrx_word' id='word_1_57' title='bbox 232 1193 330 1282; x_wconf 84' lang='lat' dir='ltr'><strong>digna</strong></span> <span class='ocrx_word' id='word_1_58' title='bbox 347 1191 458 1255; x_wconf 89' lang='lat' dir='ltr'><strong>omnia</strong></span> <span class='ocrx_word' id='word_1_59' title='bbox 474 1211 482 1255; x_wconf 75' lang='grc' dir='ltr'><strong><em>ε</em></strong></span> <span class='ocrx_word' id='word_1_60' title='bbox 498 1189 555 1254; x_wconf 90' lang='lat' dir='ltr'><strong>sed</strong></span> <span class='ocrx_word' id='word_1_61' title='bbox 573 1189 642 1254; x_wconf 82' lang='lat' dir='ltr'><strong>baec</strong></span> <span class='ocrx_word' id='word_1_62' title='bbox 655 1189 696 1254; x_wconf 86' lang='lat' dir='ltr'><strong>ad</strong></span> <span class='ocrx_word' id='word_1_63' title='bbox 713 1188 920 1255; x_wconf 85' lang='lat' dir='ltr'><strong>Academiam</strong></span> <span class='ocrx_word' id='word_1_64' title='bbox 936 1187 1150 1278; x_wconf 83' lang='lat' dir='ltr'><strong>pertinebant.</strong></span> 
     </span>
    </p>

    <p class='ocr_par' dir='ltr' id='par_1_3' title="bbox 180 1293 1353 3794">
     <span class='ocr_line' id='line_1_10' title="bbox 278 1293 1313 1385; baseline -0.005 -23"><span class='ocrx_word' id='word_1_65' title='bbox 278 1297 329 1362; x_wconf 79' lang='lat'><strong>52.</strong></span> <span class='ocrx_word' id='word_1_66' title='bbox 344 1297 518 1385; x_wconf 85' lang='lat' dir='ltr'><strong>Reliquum</strong></span> <span class='ocrx_word' id='word_1_67' title='bbox 532 1312 580 1361; x_wconf 91' lang='lat' dir='ltr'><strong>est</strong></span> <span class='ocrx_word' id='word_1_68' title='bbox 597 1295 637 1360; x_wconf 87' lang='lat' dir='ltr'><strong>de</strong></span> <span class='ocrx_word' id='word_1_69' title='bbox 654 1295 789 1384; x_wconf 85' lang='lat' dir='ltr'><strong>Epoche</strong></span> <span class='ocrx_word' id='word_1_70' title='bbox 800 1293 930 1378; x_wconf 75' lang='lat' dir='ltr'><strong>dicere,</strong></span> <span class='ocrx_word' id='word_1_71' title='bbox 949 1293 1039 1383; x_wconf 91' lang='lat' dir='ltr'><strong>quod</strong></span> <span class='ocrx_word' id='word_1_72' title='bbox 1052 1317 1156 1358; x_wconf 88' lang='lat' dir='ltr'><strong>unum</strong></span> <span class='ocrx_word' id='word_1_73' title='bbox 1171 1313 1211 1358; x_wconf 86' lang='lat' dir='ltr'><strong>ex</strong></span> <span class='ocrx_word' id='word_1_74' title='bbox 1222 1317 1313 1384; x_wconf 78' lang='lat' dir='ltr'><strong>praa·</strong></span> 
     </span>
     <span class='ocr_line' id='line_1_11' title="bbox 232 1400 1315 1493; baseline -0.005 -24"><span class='ocrx_word' id='word_1_75' title='bbox 232 1405 336 1493; x_wconf 88' lang='lat' dir='ltr'><strong>cipuis</strong></span> <span class='ocrx_word' id='word_1_76' title='bbox 352 1401 533 1468; x_wconf 82' lang='lat' dir='ltr'><strong>Academiae</strong></span> <span class='ocrx_word' id='word_1_77' title='bbox 550 1402 730 1489; x_wconf 82' lang='lat' dir='ltr'><strong>capitibus,</strong></span> <span class='ocrx_word' id='word_1_78' title='bbox 749 1419 836 1466; x_wconf 88' lang='lat' dir='ltr'><strong>certe</strong></span> <span class='ocrx_word' id='word_1_79' title='bbox 860 1402 1000 1466; x_wconf 83' lang='lat' dir='ltr'><strong>maxime</strong></span> <span class='ocrx_word' id='word_1_80' title='bbox 1025 1400 1250 1483; x_wconf 88' lang='lat' dir='ltr'><strong>decantatum,</strong></span> <span class='ocrx_word' id='word_1_81' title='bbox 1269 1423 1315 1465; x_wconf 85' lang='lat' dir='ltr'><strong>ac</strong></span> 
     </span>
     <span class='ocr_line' id='line_1_12' title="bbox 233 1506 1312 1598; baseline -0.003 -24"><span class='ocrx_word' id='word_1_82' title='bbox 233 1533 252 1574; x_wconf 90' lang='lat' dir='ltr'><strong>a</strong></span> <span class='ocrx_word' id='word_1_83' title='bbox 279 1510 391 1574; x_wconf 89' lang='lat' dir='ltr'><strong>ceteris</strong></span> <span class='ocrx_word' id='word_1_84' title='bbox 419 1507 693 1598; x_wconf 89' lang='lat' dir='ltr'><strong>philosophorum</strong></span> <span class='ocrx_word' id='word_1_85' title='bbox 719 1507 894 1596; x_wconf 82' lang='lat' dir='ltr'><strong>generibus</strong></span> <span class='ocrx_word' id='word_1_86' title='bbox 913 1506 1005 1571; x_wconf 81' lang='lat' dir='ltr'><strong>valde</strong></span> <span class='ocrx_word' id='word_1_87' title='bbox 1024 1507 1219 1595; x_wconf 82' lang='lat' dir='ltr'><strong>exagitatum</strong></span> <span class='ocrx_word' id='word_1_88' title='bbox 1244 1521 1312 1571; x_wconf 91' lang='lat' dir='ltr'><strong>est.</strong></span> 
     </span>
     <span class='ocr_line' id='line_1_13' title="bbox 233 1611 1314 1702; baseline -0.003 -24"><span class='ocrx_word' id='word_1_89' title='bbox 233 1615 381 1678; x_wconf 87' lang='lat' dir='ltr'><strong>Primum</strong></span> <span class='ocrx_word' id='word_1_90' title='bbox 398 1613 530 1702; x_wconf 90' lang='lat' dir='ltr'><strong>quidem</strong></span> <span class='ocrx_word' id='word_1_91' title='bbox 547 1613 573 1677; x_wconf 90' lang='lat' dir='ltr'><strong>si</strong></span> <span class='ocrx_word' id='word_1_92' title='bbox 594 1611 793 1695; x_wconf 88' lang='lat' dir='ltr'><strong>Carneades,</strong></span> <span class='ocrx_word' id='word_1_93' title='bbox 810 1629 847 1676; x_wconf 93' lang='lat' dir='ltr'><strong>ut</strong></span> <span class='ocrx_word' id='word_1_94' title='bbox 864 1612 964 1701; x_wconf 87' lang='lat' dir='ltr'><strong>aliqui</strong></span> <span class='ocrx_word' id='word_1_95' title='bbox 983 1611 1202 1693; x_wconf 86' lang='lat' dir='ltr'><strong>tradiderunt,</strong></span> <span class='ocrx_word' id='word_1_96' title='bbox 1224 1634 1314 1700; x_wconf 89' lang='lat' dir='ltr'><strong>epo·</strong></span> 
     </span>
     <span class='ocr_line' id='line_1_14' title="bbox 211 1717 1314 1808; baseline -0.005 -23"><span class='ocrx_word' id='word_1_97' title='bbox 211 1755 215 1766; x_wconf 85' lang='lat'><strong>·</strong></span> <span class='ocrx_word' id='word_1_98' title='bbox 234 1721 440 1808; x_wconf 89' lang='lat' dir='ltr'><strong>chen,quam</strong></span> <span class='ocrx_word' id='word_1_99' title='bbox 458 1719 499 1784; x_wconf 91' lang='lat' dir='ltr'><strong>ab</strong></span> <span class='ocrx_word' id='word_1_100' title='bbox 514 1719 663 1784; x_wconf 89' lang='lat' dir='ltr'><strong>onmium</strong></span> <span class='ocrx_word' id='word_1_101' title='bbox 680 1719 777 1783; x_wconf 88' lang='lat' dir='ltr'><strong>simul</strong></span> <span class='ocrx_word' id='word_1_102' title='bbox 793 1719 827 1782; x_wconf 90' lang='lat' dir='ltr'><strong>in</strong></span> <span class='ocrx_word' id='word_1_103' title='bbox 839 1719 927 1782; x_wconf 86' lang='lat' dir='ltr'><strong>illam</strong></span> <span class='ocrx_word' id='word_1_104' title='bbox 938 1719 1185 1799; x_wconf 72' lang='lat' dir='ltr'><strong>conjuratorum</strong></span> <span class='ocrx_word' id='word_1_105' title='bbox 1196 1717 1314 1805; x_wconf 92' lang='lat' dir='ltr'><strong>philo-</strong></span> 
     </span>
     <span class='ocr_line' id='line_1_15' title="bbox 233 1823 1353 1916; baseline -0.004 -24"><span class='ocrx_word' id='word_1_106' title='bbox 233 1827 415 1916; x_wconf 89' lang='lat' dir='ltr'><strong>sophorum·</strong></span> <span class='ocrx_word' id='word_1_107' title='bbox 427 1823 562 1891; x_wconf 83' lang='lat' dir='ltr'><strong>incursu</strong></span> <span class='ocrx_word' id='word_1_108' title='bbox 578 1827 662 1890; x_wconf 79' lang='lat' dir='ltr'><strong>tueri</strong></span> <span class='ocrx_word' id='word_1_109' title='bbox 677 1849 743 1890; x_wconf 93' lang='lat' dir='ltr'><strong>non</strong></span> <span class='ocrx_word' id='word_1_110' title='bbox 757 1826 946 1902; x_wconf 84' lang='lat' dir='ltr'><strong>sustineret,</strong></span> <span class='ocrx_word' id='word_1_111' title='bbox 966 1825 1079 1915; x_wconf 86' lang='lat' dir='ltr'><strong>ignave</strong></span> <span class='ocrx_word' id='word_1_112' title='bbox 1091 1823 1266 1913; x_wconf 88' lang='lat' dir='ltr'><strong>dereliquit</strong></span> <span class='ocrx_word' id='word_1_113' title='bbox 1277 1841 1315 1888; x_wconf 90' lang='lat' dir='ltr'><strong>et</strong></span> <span class='ocrx_word' id='word_1_114' title='bbox 1349 1870 1353 1877; x_wconf 75' lang='lat'>‚</span> 
     </span>
     <span class='ocr_line' id='line_1_16' title="bbox 235 1929 1316 2020; baseline -0.005 -23"><span class='ocrx_word' id='word_1_115' title='bbox 235 1931 378 1997; x_wconf 85' lang='lat' dir='ltr'><strong>subverti</strong></span> <span class='ocrx_word' id='word_1_116' title='bbox 396 1945 445 1996; x_wconf 91' lang='lat' dir='ltr'><strong>est</strong></span> <span class='ocrx_word' id='word_1_117' title='bbox 461 1953 595 2020; x_wconf 88' lang='lat' dir='ltr'><strong>passus,</strong></span> <span class='ocrx_word' id='word_1_118' title='bbox 617 1930 771 1996; x_wconf 89' lang='lat' dir='ltr'><strong>indecore</strong></span> <span class='ocrx_word' id='word_1_119' title='bbox 787 1931 905 2014; x_wconf 91' lang='lat' dir='ltr'><strong>nimis,</strong></span> <span class='ocrx_word' id='word_1_120' title='bbox 922 1947 982 1994; x_wconf 88' lang='lat' dir='ltr'><strong>nec</strong></span> <span class='ocrx_word' id='word_1_121' title='bbox 993 1953 1053 2018; x_wconf 91' lang='lat' dir='ltr'><strong>pro</strong></span> <span class='ocrx_word' id='word_1_122' title='bbox 1064 1929 1243 1994; x_wconf 75' lang='lat' dir='ltr'><strong>Academiae</strong></span> <span class='ocrx_word' id='word_1_123' title='bbox 1253 1953 1316 1994; x_wconf 88' lang='lat' dir='ltr'><strong>an·</strong></span> 
     </span>
     <span class='ocr_line' id='line_1_17' title="bbox 234 2033 1313 2126; baseline -0.002 -25"><span class='ocrx_word' id='word_1_124' title='bbox 234 2037 325 2125; x_wconf 90' lang='lat' dir='ltr'><strong>tiqua</strong></span> <span class='ocrx_word' id='word_1_125' title='bbox 344 2035 498 2123; x_wconf 88' lang='lat' dir='ltr'><strong>dignitate</strong></span> <span class='ocrx_word' id='word_1_126' title='bbox 513 2053 545 2100; x_wconf 91' lang='lat' dir='ltr'><strong>et</strong></span> <span class='ocrx_word' id='word_1_127' title='bbox 560 2035 762 2108; x_wconf 85' lang='lat' dir='ltr'><strong>fortitudinis</strong></span> <span class='ocrx_word' id='word_1_128' title='bbox 773 2035 873 2125; x_wconf 82' lang='lat' dir='ltr'><strong>gloria</strong></span> <span class='ocrx_word' id='word_1_129' title='bbox 891 2036 1003 2100; x_wconf 86' lang='lat' dir='ltr'><strong>fecisse</strong></span> <span class='ocrx_word' id='word_1_130' title='bbox 1021 2035 1119 2126; x_wconf 83' lang='lat' dir='ltr'><strong>fuerit</strong></span> <span class='ocrx_word' id='word_1_131' title='bbox 1133 2033 1313 2118; x_wconf 88' lang='lat' dir='ltr'><strong>dicendus,</strong></span> 
     </span>
     <span class='ocr_line' id='line_1_18' title="bbox 236 2139 1315 2230; baseline 0.001 -27"><span class='ocrx_word' id='word_1_132' title='bbox 236 2141 303 2230; x_wconf 90' lang='lat' dir='ltr'><strong>ipsa</strong></span> <span class='ocrx_word' id='word_1_133' title='bbox 322 2139 500 2205; x_wconf 86' lang='lat' dir='ltr'><strong>Academiae</strong></span> <span class='ocrx_word' id='word_1_134' title='bbox 515 2163 588 2204; x_wconf 87' lang='lat' dir='ltr'><strong>arce</strong></span> <span class='ocrx_word' id='word_1_135' title='bbox 601 2141 751 2205; x_wconf 90' lang='lat' dir='ltr'><strong>hostibus</strong></span> <span class='ocrx_word' id='word_1_136' title='bbox 767 2139 895 2205; x_wconf 84' lang='lat' dir='ltr'><strong>tradita&#39;.</strong></span> <span class='ocrx_word' id='word_1_137' title='bbox 915 2143 1010 2205; x_wconf 89' lang='lat' dir='ltr'><strong>Certe</strong></span> <span class='ocrx_word' id='word_1_138' title='bbox 1027 2155 1134 2204; x_wconf 88' lang='lat' dir='ltr'><strong>tamen</strong></span> <span class='ocrx_word' id='word_1_139' title='bbox 1152 2142 1315 2205; x_wconf 87' lang='lat' dir='ltr'><strong>Clitoma-</strong></span> 
     </span>
     <span class='ocr_line' id='line_1_19' title="bbox 237 2236 1314 2335; baseline -0.001 -23"><span class='ocrx_word' id='word_1_140' title='bbox 237 2247 290 2312; x_wconf 88' lang='lat' dir='ltr'><strong>chi</strong></span> <span class='ocrx_word' id='word_1_141' title='bbox 309 2245 486 2335; x_wconf 88' lang='lat' dir='ltr'><strong>discipulus</strong></span> <span class='ocrx_word' id='word_1_142' title='bbox 506 2245 601 2310; x_wconf 90' lang='lat' dir='ltr'><strong>Philo</strong></span> <span class='ocrx_word' id='word_1_143' title='bbox 628 2247 819 2328; x_wconf 78' lang='lat' dir='ltr'><strong>Larissaeus,</strong></span> <span class='ocrx_word' id='word_1_144' title='bbox 839 2270 877 2311; x_wconf 91' lang='lat' dir='ltr'><strong>ac</strong></span> <span class='ocrx_word' id='word_1_145' title='bbox 897 2236 1069 2310; x_wconf 78' lang='lat' dir='ltr'><strong>Carneadis</strong></span> <span class='ocrx_word' id='word_1_146' title='bbox 1092 2247 1192 2334; x_wconf 90' lang='lat' dir='ltr'><strong>ipsius</strong></span> <span class='ocrx_word' id='word_1_147' title='bbox 1214 2247 1314 2334; x_wconf 87' lang='lat' dir='ltr'><strong>quasi</strong></span> 
     </span>
     <span class='ocr_line' id='line_1_20' title="bbox 238 2339 1314 2441; baseline -0.001 -25"><span class='ocrx_word' id='word_1_148' title='bbox 238 2375 358 2440; x_wconf 84' lang='lat' dir='ltr'><strong>nepos,</strong></span> <span class='ocrx_word' id='word_1_149' title='bbox 381 2367 414 2416; x_wconf 90' lang='lat' dir='ltr'><strong>et</strong></span> <span class='ocrx_word' id='word_1_150' title='bbox 434 2339 645 2416; x_wconf 79' lang='lat' dir='ltr'><strong>Metrodorus</strong></span> <span class='ocrx_word' id='word_1_151' title='bbox 669 2351 868 2416; x_wconf 87' lang='lat' dir='ltr'><strong>Carneadem</strong></span> <span class='ocrx_word' id='word_1_152' title='bbox 892 2353 1045 2441; x_wconf 89' lang='lat' dir='ltr'><strong>probasse</strong></span> <span class='ocrx_word' id='word_1_153' title='bbox 1063 2351 1235 2434; x_wconf 85' lang='lat' dir='ltr'><strong>dixerunt,</strong></span> <span class='ocrx_word' id='word_1_154' title='bbox 1259 2353 1314 2416; x_wconf 91' lang='lat' dir='ltr'><strong>uti</strong></span> 
     </span>
     <span class='ocr_line' id='line_1_21' title="bbox 236 2457 1315 2546; baseline 0 -24"><span class='ocrx_word' id='word_1_155' title='bbox 236 2459 347 2523; x_wconf 88' lang='lat' dir='ltr'><strong>liceret</strong></span> <span class='ocrx_word' id='word_1_156' title='bbox 363 2458 488 2545; x_wconf 82' lang='lat' dir='ltr'><strong>opinari</strong></span> <span class='ocrx_word' id='word_1_157' title='bbox 505 2457 665 2546; x_wconf 84' lang='lat' dir='ltr'><strong>Sapienti,</strong></span> <span class='ocrx_word' id='word_1_158' title='bbox 690 2457 811 2540; x_wconf 79' lang='lat' dir='ltr'><strong>idest,</strong></span> <span class='ocrx_word' id='word_1_159' title='bbox 830 2459 859 2522; x_wconf 90' lang='lat' dir='ltr'><strong>ci</strong></span> <span class='ocrx_word' id='word_1_160' title='bbox 881 2458 971 2546; x_wconf 93' lang='lat' dir='ltr'><strong>quod</strong></span> <span class='ocrx_word' id='word_1_161' title='bbox 996 2457 1180 2546; x_wconf 70' lang='lat' dir='ltr'><strong>probasset,</strong></span> <span class='ocrx_word' id='word_1_162' title='bbox 1197 2481 1315 2522; x_wconf 84' lang='lat' dir='ltr'><strong>assen-</strong></span> 
     </span>
     <span class='ocr_line' id='line_1_22' title="bbox 238 2562 1315 2653; baseline -0.002 -23"><span class='ocrx_word' id='word_1_163' title='bbox 238 2565 310 2647; x_wconf 86' lang='lat' dir='ltr'><strong>tiri,</strong></span> <span class='ocrx_word' id='word_1_164' title='bbox 326 2564 402 2628; x_wconf 84' lang='lat' dir='ltr'><strong>licet</strong></span> <span class='ocrx_word' id='word_1_165' title='bbox 418 2587 485 2628; x_wconf 93' lang='lat' dir='ltr'><strong>non</strong></span> <span class='ocrx_word' id='word_1_166' title='bbox 497 2581 662 2653; x_wconf 88' lang='lat' dir='ltr'><strong>percepto.</strong></span> <span class='ocrx_word' id='word_1_167' title='bbox 681 2565 840 2630; x_wconf 78' lang='lat' dir='ltr'><strong>Eusebius</strong></span> <span class='ocrx_word' id='word_1_168' title='bbox 857 2563 1044 2628; x_wconf 86' lang='lat' dir='ltr'><strong>dissensisse</strong></span> <span class='ocrx_word' id='word_1_169' title='bbox 1057 2562 1254 2628; x_wconf 89' lang='lat' dir='ltr'><strong>Carneadem</strong></span> <span class='ocrx_word' id='word_1_170' title='bbox 1268 2565 1315 2628; x_wconf 89' lang='lat' dir='ltr'><strong>ab</strong></span> 
     </span>
     <span class='ocr_line' id='line_1_23' title="bbox 238 2669 1318 2759; baseline -0.002 -23"><span class='ocrx_word' id='word_1_171' title='bbox 238 2670 389 2736; x_wconf 83' lang='lat' dir='ltr'><strong>Arcesila</strong></span> <span class='ocrx_word' id='word_1_172' title='bbox 401 2669 441 2735; x_wconf 90' lang='lat' dir='ltr'><strong>de</strong></span> <span class='ocrx_word' id='word_1_173' title='bbox 458 2670 592 2759; x_wconf 90' lang='lat' dir='ltr'><strong>Epoche</strong></span> <span class='ocrx_word' id='word_1_174' title='bbox 611 2670 739 2752; x_wconf 86' lang='lat' dir='ltr'><strong>scribit,</strong></span> <span class='ocrx_word' id='word_1_175' title='bbox 763 2693 800 2734; x_wconf 86' lang='lat' dir='ltr'><strong>ac</strong></span> <span class='ocrx_word' id='word_1_176' title='bbox 818 2669 998 2758; x_wconf 81' lang='lat' dir='ltr'><strong>significare</strong></span> <span class='ocrx_word' id='word_1_177' title='bbox 1023 2670 1155 2758; x_wconf 89' lang='lat' dir='ltr'><strong>quidem</strong></span> <span class='ocrx_word' id='word_1_178' title='bbox 1180 2669 1318 2734; x_wconf 86' lang='lat' dir='ltr'><strong>videtur</strong></span> 
     </span>
     <span class='ocr_line' id='line_1_24' title="bbox 238 2775 1313 2859; baseline 0.001 -20"><span class='ocrx_word' id='word_1_179' title='bbox 238 2776 325 2840; x_wconf 90' lang='lat' dir='ltr'><strong>illam</strong></span> <span class='ocrx_word' id='word_1_180' title='bbox 342 2777 514 2842; x_wconf 86' lang='lat' dir='ltr'><strong>Carneadis</strong></span> <span class='ocrx_word' id='word_1_181' title='bbox 539 2777 637 2848; x_wconf 86' lang='lat' dir='ltr'><strong>fuisse</strong></span> <span class='ocrx_word' id='word_1_182' title='bbox 653 2778 865 2857; x_wconf 90' lang='lat' dir='ltr'><strong>sententiam,</strong></span> <span class='ocrx_word' id='word_1_183' title='bbox 880 2792 918 2839; x_wconf 86' lang='lat' dir='ltr'><strong>ut</strong></span> <span class='ocrx_word' id='word_1_184' title='bbox 941 2775 1079 2859; x_wconf 87' lang='lat' dir='ltr'><strong>diceret,</strong></span> <span class='ocrx_word' id='word_1_185' title='bbox 1105 2799 1173 2841; x_wconf 88' lang='lat' dir='ltr'><strong>non</strong></span> <span class='ocrx_word' id='word_1_186' title='bbox 1188 2799 1259 2842; x_wconf 88' lang='lat' dir='ltr'><strong>esse</strong></span> <span class='ocrx_word' id='word_1_187' title='bbox 1275 2777 1313 2840; x_wconf 90' lang='lat' dir='ltr'><strong>in</strong></span> 
     </span>
     <span class='ocr_line' id='line_1_25' title="bbox 180 2871 1315 2962; baseline 0 -16"><span class='ocrx_word' id='word_1_188' title='bbox 180 2911 182 2921; x_wconf 62' lang='grc'>’</span> <span class='ocrx_word' id='word_1_189' title='bbox 239 2881 393 2946; x_wconf 90' lang='lat' dir='ltr'><strong>omnibus</strong></span> <span class='ocrx_word' id='word_1_190' title='bbox 409 2905 576 2946; x_wconf 87' lang='lat' dir='ltr'><strong>assensum</strong></span> <span class='ocrx_word' id='word_1_191' title='bbox 590 2881 814 2962; x_wconf 88' lang='lat' dir='ltr'><strong>retinendum,</strong></span> <span class='ocrx_word' id='word_1_192' title='bbox 829 2879 929 2946; x_wconf 91' lang='lat' dir='ltr'><strong>sedin</strong></span> <span class='ocrx_word' id='word_1_193' title='bbox 942 2871 1081 2946; x_wconf 74' lang='lat' dir='ltr'><strong>inceitis.</strong></span> <span class='ocrx_word' id='word_1_194' title='bbox 1103 2883 1174 2947; x_wconf 87' lang='lat' dir='ltr'><strong>Huc</strong></span> <span class='ocrx_word' id='word_1_195' title='bbox 1199 2899 1315 2947; x_wconf 86' lang='lat' dir='ltr'><strong>autem</strong></span> 
     </span>
     <span class='ocr_line' id='line_1_26' title="bbox 241 2987 1315 3052; baseline 0.001 -2"><span class='ocrx_word' id='word_1_196' title='bbox 241 3011 280 3051; x_wconf 87' lang='lat' dir='ltr'><strong>ex</strong></span> <span class='ocrx_word' id='word_1_197' title='bbox 305 2987 450 3052; x_wconf 89' lang='lat' dir='ltr'><strong>Philonis</strong></span> <span class='ocrx_word' id='word_1_198' title='bbox 472 2990 607 3052; x_wconf 86' lang='lat' dir='ltr'><strong>fortasse</strong></span> <span class='ocrx_word' id='word_1_199' title='bbox 633 2989 824 3052; x_wconf 90' lang='lat' dir='ltr'><strong>auctoritate</strong></span> <span class='ocrx_word' id='word_1_200' title='bbox 846 2987 1006 3052; x_wconf 89' lang='lat' dir='ltr'><strong>Eusebius</strong></span> <span class='ocrx_word' id='word_1_201' title='bbox 1031 2989 1142 3052; x_wconf 90' lang='lat' dir='ltr'><strong>retulit</strong></span> <span class='ocrx_word' id='word_1_202' title='bbox 1162 2988 1315 3051; x_wconf 89' lang='lat' dir='ltr'><strong>:mirum</strong></span> 
     </span>
     <span class='ocr_line' id='line_1_27' title="bbox 241 3093 1315 3181; baseline -0.001 -23"><span class='ocrx_word' id='word_1_203' title='bbox 241 3095 328 3158; x_wconf 87' lang='lat' dir='ltr'><strong>enirn</strong></span> <span class='ocrx_word' id='word_1_204' title='bbox 346 3095 408 3158; x_wconf 89' lang='lat' dir='ltr'><strong>nisi</strong></span> <span class='ocrx_word' id='word_1_205' title='bbox 427 3095 496 3158; x_wconf 84' lang='lat' dir='ltr'><strong>haec</strong></span> <span class='ocrx_word' id='word_1_206' title='bbox 513 3111 562 3158; x_wconf 88' lang='lat' dir='ltr'><strong>est</strong></span> <span class='ocrx_word' id='word_1_207' title='bbox 581 3094 728 3158; x_wconf 90' lang='lat' dir='ltr'><strong>Philonis</strong></span> <span class='ocrx_word' id='word_1_208' title='bbox 748 3093 925 3175; x_wconf 88' lang='lat' dir='ltr'><strong>sententia,</strong></span> <span class='ocrx_word' id='word_1_209' title='bbox 947 3115 1044 3180; x_wconf 90' lang='lat' dir='ltr'><strong>quam</strong></span> <span class='ocrx_word' id='word_1_210' title='bbox 1065 3093 1134 3181; x_wconf 90' lang='lat' dir='ltr'><strong>ipse</strong></span> <span class='ocrx_word' id='word_1_211' title='bbox 1153 3093 1315 3158; x_wconf 88' lang='lat' dir='ltr'><strong>Carneadi</strong></span> 
     </span>
     <span class='ocr_line' id='line_1_28' title="bbox 240 3201 1316 3292; baseline 0.005 -27"><span class='ocrx_word' id='word_1_212' title='bbox 240 3203 418 3292; x_wconf 82' lang='lat' dir='ltr'><strong>affingeret.</strong></span> <span class='ocrx_word' id='word_1_213' title='bbox 433 3202 564 3268; x_wconf 89' lang='lat' dir='ltr'><strong>Eusebii</strong></span> <span class='ocrx_word' id='word_1_214' title='bbox 582 3203 679 3267; x_wconf 79' lang='lat' dir='ltr'><strong>rerba</strong></span> <span class='ocrx_word' id='word_1_215' title='bbox 697 3219 775 3267; x_wconf 91' lang='lat' dir='ltr'><strong>sunt</strong></span> <span class='ocrx_word' id='word_1_216' title='bbox 790 3201 835 3291; x_wconf 90' lang='lat' dir='ltr'><strong>(r)</strong></span> <span class='ocrx_word' id='word_1_217' title='bbox 853 3225 861 3266; x_wconf 74' lang='grc' dir='ltr'>ε</span> <span class='ocrx_word' id='word_1_218' title='bbox 880 3203 948 3266; x_wconf 75' lang='lat' dir='ltr'><strong>«De</strong></span> <span class='ocrx_word' id='word_1_219' title='bbox 965 3202 1031 3266; x_wconf 88' lang='lat' dir='ltr'><strong>sola</strong></span> <span class='ocrx_word' id='word_1_220' title='bbox 1048 3201 1172 3290; x_wconf 89' lang='lat' dir='ltr'><strong>epoche</strong></span> <span class='ocrx_word' id='word_1_221' title='bbox 1195 3203 1236 3268; x_wconf 89' lang='lat' dir='ltr'><strong>ab</strong></span> <span class='ocrx_word' id='word_1_222' title='bbox 1255 3203 1316 3270; x_wconf 92' lang='lat' dir='ltr'><strong>illo</strong></span> 
     </span>
     <span class='ocr_line' id='line_1_29' title="bbox 243 3306 1315 3398; baseline 0.004 -30"><span class='ocrx_word' id='word_1_223' title='bbox 243 3306 393 3372; x_wconf 89' lang='lat' dir='ltr'><strong>dissensit</strong></span> <span class='ocrx_word' id='word_1_224' title='bbox 407 3307 609 3394; x_wconf 87' lang='lat' dir='ltr'><strong>[Carneades</strong></span> <span class='ocrx_word' id='word_1_225' title='bbox 631 3308 671 3371; x_wconf 85' lang='lat' dir='ltr'><strong>ab</strong></span> <span class='ocrx_word' id='word_1_226' title='bbox 697 3309 863 3398; x_wconf 87' lang='lat' dir='ltr'><strong>Arcesila]</strong></span> <span class='ocrx_word' id='word_1_227' title='bbox 880 3333 889 3389; x_wconf 90' lang='lat'>;</span> <span class='ocrx_word' id='word_1_228' title='bbox 914 3307 1041 3372; x_wconf 87' lang='lat' dir='ltr'><strong>dicebat</strong></span> <span class='ocrx_word' id='word_1_229' title='bbox 1057 3309 1143 3374; x_wconf 89' lang='lat' dir='ltr'><strong>enim</strong></span> <span class='ocrx_word' id='word_1_230' title='bbox 1158 3309 1315 3398; x_wconf 90' lang='lat' dir='ltr'><strong>impossi-</strong></span> 
     </span>
     <span class='ocr_line' id='line_1_30' title="bbox 243 3413 1315 3502; baseline 0.003 -26"><span class='ocrx_word' id='word_1_231' title='bbox 243 3413 307 3476; x_wconf 91' lang='lat' dir='ltr'><strong>bile</strong></span> <span class='ocrx_word' id='word_1_232' title='bbox 324 3435 392 3477; x_wconf 87' lang='lat' dir='ltr'><strong>esse</strong></span> <span class='ocrx_word' id='word_1_233' title='bbox 408 3414 438 3476; x_wconf 90' lang='lat' dir='ltr'><strong>ei</strong></span> <span class='ocrx_word' id='word_1_234' title='bbox 457 3415 513 3502; x_wconf 91' lang='lat' dir='ltr'><strong>qui</strong></span> <span class='ocrx_word' id='word_1_235' title='bbox 529 3415 629 3478; x_wconf 92' lang='lat' dir='ltr'><strong>homo</strong></span> <span class='ocrx_word' id='word_1_236' title='bbox 644 3413 701 3496; x_wconf 92' lang='lat' dir='ltr'><strong>sit,</strong></span> <span class='ocrx_word' id='word_1_237' title='bbox 718 3415 753 3478; x_wconf 93' lang='lat' dir='ltr'><strong>in</strong></span> <span class='ocrx_word' id='word_1_238' title='bbox 767 3415 920 3479; x_wconf 88' lang='lat' dir='ltr'><strong>omnibus</strong></span> <span class='ocrx_word' id='word_1_239' title='bbox 937 3415 1034 3479; x_wconf 90' lang='lat' dir='ltr'><strong>rebus</strong></span> <span class='ocrx_word' id='word_1_240' title='bbox 1050 3435 1216 3479; x_wconf 89' lang='lat' dir='ltr'><strong>assensum</strong></span> <span class='ocrx_word' id='word_1_241' title='bbox 1232 3416 1315 3479; x_wconf 90' lang='lat' dir='ltr'><strong>reti·</strong></span> 
     </span>
     <span class='ocr_line' id='line_1_31' title="bbox 245 3516 1315 3608; baseline 0.005 -28"><span class='ocrx_word' id='word_1_242' title='bbox 245 3538 322 3581; x_wconf 91' lang='lat' dir='ltr'><strong>nere</strong></span> <span class='ocrx_word' id='word_1_243' title='bbox 347 3539 354 3581; x_wconf 94' lang='lat'>:</span> <span class='ocrx_word' id='word_1_244' title='bbox 378 3516 508 3581; x_wconf 81' lang='lat' dir='ltr'><strong>differre</strong></span> <span class='ocrx_word' id='word_1_245' title='bbox 538 3535 647 3583; x_wconf 91' lang='lat' dir='ltr'><strong>autem</strong></span> <span class='ocrx_word' id='word_1_246' title='bbox 677 3519 839 3582; x_wconf 89' lang='lat' dir='ltr'><strong>incertum</strong></span> <span class='ocrx_word' id='word_1_247' title='bbox 859 3534 891 3583; x_wconf 89' lang='lat' dir='ltr'><strong>et</strong></span> <span class='ocrx_word' id='word_1_248' title='bbox 911 3519 1263 3608; x_wconf 89' lang='lat' dir='ltr'><strong>incomprehensibile,</strong></span> <span class='ocrx_word' id='word_1_249' title='bbox 1279 3535 1315 3585; x_wconf 91' lang='lat' dir='ltr'><strong>et</strong></span> 
     </span>
     <span class='ocr_line' id='line_1_32' title="bbox 246 3621 1315 3714; baseline 0.003 -27"><span class='ocrx_word' id='word_1_250' title='bbox 246 3623 355 3687; x_wconf 88' lang='lat' dir='ltr'><strong>omnia</strong></span> <span class='ocrx_word' id='word_1_251' title='bbox 381 3621 515 3711; x_wconf 90' lang='lat' dir='ltr'><strong>quidem</strong></span> <span class='ocrx_word' id='word_1_252' title='bbox 542 3647 611 3689; x_wconf 92' lang='lat' dir='ltr'><strong>esse</strong></span> <span class='ocrx_word' id='word_1_253' title='bbox 635 3625 995 3714; x_wconf 85' lang='lat' dir='ltr'><strong>incomprehensibilia,</strong></span> <span class='ocrx_word' id='word_1_254' title='bbox 1026 3625 1082 3693; x_wconf 89' lang='lat' dir='ltr'><strong>sed</strong></span> <span class='ocrx_word' id='word_1_255' title='bbox 1108 3649 1175 3690; x_wconf 89' lang='lat' dir='ltr'><strong>non</strong></span> <span class='ocrx_word' id='word_1_256' title='bbox 1202 3626 1315 3691; x_wconf 87' lang='lat' dir='ltr'><strong>omnia</strong></span> 
     </span>
     <span class='ocr_line' id='line_1_33' title="bbox 247 3729 406 3794; baseline 0.013 -2"><span class='ocrx_word' id='word_1_257' title='bbox 247 3729 369 3792; x_wconf 89' lang='lat' dir='ltr'><strong>incerta</strong></span> <span class='ocrx_word' id='word_1_258' title='bbox 382 3757 406 3794; x_wconf 66' lang='lat' dir='ltr'><strong>v.</strong></span> 
     </span>
    </p>
   </div>
   <div class='ocr_carea' id='block_1_3' title="bbox 292 3811 1315 3926">
    <p class='ocr_par' dir='ltr' id='par_1_4' title="bbox 292 3811 1315 3926">
     <span class='ocr_line' id='line_1_34' title="bbox 292 3811 1315 3926; baseline 0.003 -28"><span class='ocrx_word' id='word_1_259' title='bbox 292 3833 344 3900; x_wconf 82' lang='lat'><strong>53.</strong></span> <span class='ocrx_word' id='word_1_260' title='bbox 361 3835 484 3900; x_wconf 88' lang='lat' dir='ltr'><strong>Verum</strong></span> <span class='ocrx_word' id='word_1_261' title='bbox 498 3858 560 3926; x_wconf 84' lang='lat' dir='ltr'><strong>ego</strong></span> <span class='ocrx_word' id='word_1_262' title='bbox 576 3834 723 3923; x_wconf 91' lang='lat' dir='ltr'><strong>quidem,</strong></span> <span class='ocrx_word' id='word_1_263' title='bbox 743 3859 817 3902; x_wconf 90' lang='lat' dir='ltr'><strong>cum</strong></span> <span class='ocrx_word' id='word_1_264' title='bbox 833 3838 1006 3922; x_wconf 89' lang='lat' dir='ltr'><strong>Cicerone,</strong></span> <span class='ocrx_word' id='word_1_265' title='bbox 1022 3811 1224 3923; x_wconf 80' lang='lat' dir='ltr'><strong>Clitomacho</strong></span> <span class='ocrx_word' id='word_1_266' title='bbox 1240 3838 1315 3926; x_wconf 92' lang='lat' dir='ltr'><strong>plus</strong></span> 
     </span>
    </p>
   </div>
   <div class='ocr_carea' id='block_1_4' title="bbox 280 4044 950 4118">
    <p class='ocr_par' dir='ltr' id='par_1_5' title="bbox 280 4044 950 4118">
     <span class='ocr_line' id='line_1_35' title="bbox 280 4044 950 4118; baseline 0.004 -23"><span class='ocrx_word' id='word_1_267' title='bbox 280 4044 318 4110; x_wconf 88' lang='lat' dir='ltr'><strong>(r)</strong></span> <span class='ocrx_word' id='word_1_268' title='bbox 332 4051 410 4114; x_wconf 76' lang='lat' dir='ltr'><strong>Praep.</strong></span> <span class='ocrx_word' id='word_1_269' title='bbox 426 4049 517 4118; x_wconf 61' lang='grc' dir='ltr'><strong>Ιίνιιιςτ</strong></span> <span class='ocrx_word' id='word_1_270' title='bbox 527 4047 570 4098; x_wconf 89' lang='lat' dir='ltr'><strong>lib.</strong></span> <span class='ocrx_word' id='word_1_271' title='bbox 586 4051 654 4107; x_wconf 83' lang='lat' dir='ltr'><strong>xlv,</strong></span> <span class='ocrx_word' id='word_1_272' title='bbox 670 4065 727 4113; x_wconf 82' lang='lat' dir='ltr'><strong>cap.</strong></span> <span class='ocrx_word' id='word_1_273' title='bbox 741 4065 766 4110; x_wconf 80' lang='lat'><strong>7,</strong></span> <span class='ocrx_word' id='word_1_274' title='bbox 778 4065 832 4112; x_wconf 76' lang='lat' dir='ltr'><strong>pag.</strong></span> <span class='ocrx_word' id='word_1_275' title='bbox 845 4048 910 4110; x_wconf 77' lang='lat'><strong>736,</strong></span> <span class='ocrx_word' id='word_1_276' title='bbox 924 4047 950 4098; x_wconf 87' lang='lat' dir='ltr'><strong>d.</strong></span> 
     </span>
    </p>
   </div>
   <div class='ocr_carea' id='block_1_5' title="bbox 0 0 1403 4682">
    <p class='ocr_par' dir='ltr' id='par_1_6' title="bbox 0 0 1403 4682">
     <span class='ocr_line' id='line_1_36' title="bbox 0 0 1403 4682; baseline 0 0"><span class='ocrx_word' id='word_1_277' title='bbox 0 0 1403 4682; x_wconf 95' lang='lat' dir='ltr'><strong> </strong></span> 
     </span>
    </p>
   </div>
  </div>
 </body>
</html>
