2756 4692
498 375 692 446 TIMAEUS.
940 409 943 414 ·
1057 371 1128 473 559

61 501 133 559 tanti
146 495 283 555 t'videll‘cet
293 495 391 553 divina
402 493 526 572 quadam
539 511 617 555 sorte
629 497 738 554 factum
748 515 823 568 csse,
841 510 874 554 ut
891 497 1033 556 simillima
1047 518 1130 576 qute-

61 593 128 650 dam
143 590 226 648 lraud
248 588 285 647 ab
304 607 336 646 re
353 587 468 646 Solonis
479 587 607 646 historiae
622 586 775 646 traderes:
796 587 835 646 ob
853 607 916 648 earn
933 607 1002 645 vero
1016 608 1131 650 eausam

61 685 133 743 nihil
163 698 234 741 tunc
261 680 390 760 protuli,
415 681 553 757 quoniam
578 701 614 738 en
635 679 772 738 diuturna
792 681 964 758 negligentia
984 683 1131 740 nonsatis

62 773 300 835 reminiscebar?
323 775 412 830 satias
438 773 527 849 igitur
547 772 609 850 ipse
631 773 745 842 censui,
767 785 815 841 ut,
834 773 1003 851 priusquam
1021 775 1131 832 referre
1222 829 1230 836 ,,
1305 815 1306 823 1

63 867 147 926 robis
160 867 338 943 inciperem,
352 883 464 922 mecum
477 865 538 941 ipse
550 878 726 942 repeterem:
739 865 804 922 ideo
816 885 886 923 vero
898 865 994 923 statim
1006 866 1131 944 imperio

65 975 115 1018 tuo
139 958 288 1028 consensi,
307 957 375 1035 quia
392 955 589 1028 confidebam,
612 969 645 1014 ut
664 957 694 1014 in
714 955 803 1015 rebus
823 957 989 1034 hujusmodi
1010 957 1133 1016 manime

65 1053 165 1123 decet,
182 1050 293 1127 aliquid
312 1069 374 1120 me,
395 1047 474 1127 quod
491 1049 648 1126 propositae
662 1049 704 1107 rei
720 1063 910 1126 congrueret,
932 1061 1132 1127 reperturum:

64 1147 104 1202 ita
119 1143 199 1214 beri,
217 1156 249 1200 ut
269 1142 323 1199 iste
341 1142 392 1211 ait,
409 1153 475 1218 post
493 1140 647 1198 discessum
667 1141 800 1220 protinus
817 1141 876 1211 his,
897 1156 986 1220 prout
1000 1155 1069 1201 tunc
1084 1161 1132 1200 re-

64 1235 220 1306 cordabar,
229 1234 385 1291 recensui:
407 1251 423 1290 a
438 1233 588 1293 nocturnis
608 1231 713 1290 deinde
727 1231 833 1312 vigiliis
847 1251 929 1310 paeue
943 1234 1039 1292 omnia
1050 1253 1134 1292 recu-

64 1327 168 1406 peravi
179 1349 186 1382 :
197 1327 342 1403 prolecto,
357 1345 421 1402 quae
435 1325 465 1381 ia
475 1325 600 1402 pueritia
611 1324 764 1397 discimus,
779 1325 887 1383 diutius
902 1325 1088 1404 firmiusque,
1102 1339 1135 1386 ut

66 1421 172 1490 fertur,
184 1417 349 1476 meminisse
358 1417 499 1474 solemus:
518 1431 604 1494 atque
617 1416 696 1475 haud
713 1417 789 1489 scio,
809 1437 845 1476 an
861 1437 925 1495 quae
940 1417 1003 1476 lteri
1021 1417 1134 1492 audivi,

67 1513 178 1569 referre
197 1526 276 1568 nune
295 1510 392 1567 omnia
410 1509 577 1566 memoriter
591 1510 719 1586 possim:
745 1528 810 1587 quae
831 1529 902 1569 vero
923 1531 998 1589 puer
1019 1511 1134 1590 accepi,

67 1603 200 1663 mirabor
216 1601 366 1680 equidem,
382 1603 405 1659 si
428 1600 499 1679 quid
520 1619 621 1660 eorum
641 1623 657 1659 e
680 1601 818 1659 memoria
841 1601 913 1660 mihi
933 1601 1087 1660 exciderit:
1101 1622 1135 1661 ea

67 1700 179 1777 quippe
195 1716 261 1754 cum
280 1695 431 1772 voluptate
446 1705 475 1752 et
489 1694 557 1772 joco
575 1692 743 1762 audiebam,
763 1713 853 1772 quum
876 1707 906 1751 et
929 1713 1016 1760 senen
1037 1695 1086 1754 ille
1106 1695 1137 1754 li-

68 1790 234 1848 bcntcrme
249 1787 384 1858 doceret,
402 1798 431 1844 et
447 1787 502 1864 eg‘o'
519 1783 621 1845 abillo
635 1785 736 1844 sedulo
754 1785 934 1844 sciscitarer:
958 1797 1138 1866 quapropter

68 1881 152 1959 quasi
166 1878 300 1958 quaedam
316 1879 464 1937 literarum
477 1880 581 1937 inusta
596 1877 790 1937 indelebiliter
807 1892 882 1937 notae
899 1897 933 1936 ea
952 1879 1020 1937 milri
1042 1881 1137 1940 omnia

70 1975 159 2032 infixa
176 1972 322 2030 memoriae
340 1985 577 2051 permanserunt:
593 1983 680 2050 atque
700 1970 745 2029 his
764 1971 849 2030 etiam
866 1983 933 2029 ante
951 1973 1019 2029 solis
1039 1985 1137 2030 ortum

70 2067 135 2144 ipsa
147 2064 278 2136 narravi,
292 2077 324 2120 ut
338 2079 395 2120 una
408 2067 520 2121 mecum
537 2076 631 2122 essent
647 2062 774 2121 adhunc
792 2061 953 2121 orationem
966 2065 1136 2141 paratiores.

68 2165 182 2216 Verum
196 2169 230 2214 ut
242 2156 279 2214 ad
293 2155 337 2227 id,
350 2175 408 2234 quo
423 2156 484 2214 haec
504 2155 600 2215 omnia
615 2169 761 2236 spectant,
772 2177 821 2214 me
835 2157 999 2228 conferam,
1020 2171 1139 2236 paratus

70 2271 152 2323 sunt,
169 2253 347 2321 oSocrates‚
371 2262 430 2306 non
449 2248 537 2307 modo
556 2249 732 2320 summatim,
748 2247 797 2306 sed
819 2247 979 2325 sigillatim,
998 2248 1071 2308 sicut
1084 2270 1139 2309 au·

71 2343 150 2409 diri,
171 2340 268 2398 omnia
290 2337 443 2399 enarrare:
463 2341 605 2400 civitatem
622 2343 722 2418 utique
737 2353 765 2397 et
784 2341 877 2413 cives,
897 2359 970 2417 quos
987 2342 1068 2419 quasi
1085 2361 1139 2421 per

71 2431 202 2492 fabulam
217 2433 352 2490 hesterna
367 2432 561 2511 disputatione
577 2433 700 2505 finxisti,
710 2452 771 2491 rem
787 2449 887 2511 reram
902 2453 963 2492 esse
980 2440 1138 2511 ponemus:

71 2527 219 2586 civitatem
241 2523 360 2602 quidem
388 2525 467 2582 illam
491 2525 697 2596 Atheniensem
722 2526 797 2584 hanc
821 2524 924 2584 urbem
952 2546 1032 2598 esse;
1061 2527 1139 2588 cives

72 2635 209 2694 quoque,
223 2633 297 2690 quos
312 2615 373 2692 ipse
388 2614 707 2692 excogitabas,nostros
724 2617 788 2675 illos
804 2613 943 2694 majores,
958 2637 975 2675 a
988 2618 1138 2677 sacerdote

71 2719 220 2777 narratus,
230 2705 318 2764 fuisse
332 2705 526 2764 censebimus:
540 2727 645 2786 nempe
658 2708 776 2765 omnino
787 2707 849 2765 haec
861 2716 1138 2785 congruent3neque

73 2799 110 2858 ab
122 2819 157 2856 re
169 2799 275 2871 suerit,
295 2799 319 2856 si
332 2799 408 2856 cives
426 2811 490 2856 tuos
504 2807 602 2858 revera
616 2800 727 2877 priscos
737 2799 802 2857 illos
812 2800 953 2857 exstitisse
963 2797 1138 2860 dixerimus:

72 2913 164 2970 quare
187 2892 379 2950 communiter
401 2911 461 2949 rem
483 2892 574 2969 ipsam
596 2893 744 2949 internos
768 2890 944 2976 partientes,
970 2889 1141 2951 conabimur

72 3004 175 3042 ornnes
192 2983 305 3042 muneri
319 2981 370 3040 abs
390 2996 418 3041 te
436 2981 521 3047 uobis
542 2984 678 3061 imposito
694 3002 749 3061 pro
763 2981 874 3040 viribus
888 2983 1069 3042 satisfacere:
1090 2985 1141 3044 sed

73 3075 162 3146 ride,
175 3094 195 3133 o
208 3081 356 3146 Socrates,
371 3077 511 3153 numquid
527 3095 689 3152 serntonem
704 3076 781 3135 hunc
801 3079 976 3153 probemus,
998 3097 1034 3136 an
1053 3078 1141 3138 alium

70 3168 233 3250 exigerem.
252 3170 415 3226 Suessam.
435 3174 476 3227 At
489 3169 567 3227 enirn
583 3186 685 3246 quem,
705 3187 724 3226 o
742 3168 848 3238 Critia,
870 3187 1031 3228 sermonem
1052 3171 1141 3248 magis

72 3279 161 3336 quam
187 3258 272 3316 istum
296 3257 501 3336 probabimus,
527 3263 578 3338 qul
598 3259 789 3339 praesentibus
815 3264 884 3318 Deae
909 3261 996 3318 saeris
1021 3271 1142 3341 propter

73 3350 324 3430 propinquitatem
340 3351 493 3429 quamdam
509 3353 628 3412 mirifice
648 3353 803 3432 congruit?
817 3351 972 3410 maximum
984 3369 1055 3412 vero
1069 3353 1141 3416 illud

73 3460 134 3520 est,
150 3469 212 3504 non
224 3449 318 3506 lictam
334 3446 448 3506 anobis
464 3445 604 3518 fabulam,
624 3451 677 3510 sed
695 3470 794 3510 veram
810 3447 959 3531 historiam
981 3453 1140 3514 recenseri:

75 3561 205 3620 quonam
222 3541 311 3618 igitur
329 3553 415 3619 pacto
433 3555 463 3600 et
482 3543 576 3615 unde,
598 3543 653 3605 hac
675 3557 796 3622 spreta,
816 3542 1039 3619 disputationem
1059 3548 1143 3612 aliam

75 3633 285 3694 exordiemur?
299 3649 377 3694 certe
393 3655 452 3694 nou
464 3637 530 3694 licet
541 3658 551 3691 :1
562 3636 629 3694 ideo
640 3635 726 3694 bonis
739 3636 867 3693 fortunae
878 3637 1014 3713 auspiciis
1028 3653 1144 3717 oportet

71 3725 132 3802 jam
150 3740 209 3784 tam
233 3745 284 3784 vos
302 3726 458 3802 disserere,
470 3747 556 3806 quarn
574 3749 621 3787 me
641 3747 696 3807 pro
717 3728 851 3786 hesterna
871 3729 1037 3788 narratione
1056 3732 1144 3791 hodie

74 3819 195 3877 silentio
217 3818 550 3880 rosaudire.Cn1rras.
575 3822 747 3893 Considera,
765 3825 915 3890 Socrates,
936 3843 972 3880 an
994 3825 1144 3884 commode

77 3922 212 3968 mutuum
230 3909 281 3968 tibi
297 3907 462 3971 convivium
483 3913 730 3994 disposuerimus:
753 3915 846 3972 visum
867 3912 950 3972 nobis
973 3929 1031 3989 cst,
1048 3909 1082 3975 itt
1097 3918 1144 3976 Ti-

77 4023 184 4071 tnaeus,
199 4015 343 4082 tamquam
362 4005 392 4062 in
412 4007 587 4066 astronomia
603 4021 769 4066 nostrorum
790 4007 918 4066 omnium
941 4007 1145 4086 peritissimus,
1234 4054 1237 4062 .

78 4097 264 4173 maximeque
281 4099 309 4154 in
330 4117 427 4158 rerum
447 4112 550 4158 natura
565 4099 763 4178 cognoscenda
778 4113 925 4184 versatus,
946 4100 1056 4178 primus
1069 4101 1148 4164 edis-
