2748 4670
287 335 536 408 ACADEMIC.
561 341 596 425 l,
620 342 754 412 LIBER
778 346 829 430 11,
857 371 913 416 aa.
1059 343 1131 420 333

60 459 265 549 Quamvis²
288 459 397 556 igitur
413 458 523 533 fuerit
539 478 685 556 acutus,
701 475 743 538 ut
761 467 844 559 fuit,
862 485 984 544 tamen
1004 473 1131 545 incon-

61 573 199 642 stantia
216 566 356 642 levatur
378 575 579 646 auctoritas.
605 578 692 666 Quis
710 575 925 679 [inquam³]
948 567 1045 653 enini
1064 587 1132 658 iste

7 695 13 760 Ι
62 679 142 752 dies
165 680 346 771 illuxerit,
372 707 517 781 quaero,
537 688 601 784 qui
618 688 670 758 illi
687 691 885 763 ostenderit
906 717 1003 783 eam,
1021 720 1130 792 quani

62 790 203 862 multos
223 815 341 863 annos
362 817 438 865 esse
458 797 686 892 negitavisset
694 802 721 889 ⁴,
742 806 816 873 veri
834 817 871 874 et
887 802 965 875 falsi
983 807 1132 877 notam?

63 901 297 998 Excogitavit
314 901 497 1000 aliquid⁵?
516 904 649 978 Eadem
666 907 770 1000 dicit,
790 937 869 1009 quse
885 914 998 984 stoici.
1019 917 1132 988 Poeni-

63 1013 134 1082 tuit
150 1035 238 1083 eum
254 1011 315 1082 illa
331 1013 505 1083 sensisse?
520 1018 594 1085 Cur
607 1041 682 1087 non
699 1041 737 1090 se
752 1021 935 1092 transtulit
948 1019 1012 1094 ad⁶
1025 1021 1130 1114 alios,

64 1136 101 1192 et
121 1123 282 1192 maxime
301 1119 346 1192 ad
366 1123 521 1194 stoicos?
539 1149 667 1196 eorum
686 1129 781 1200 enini
801 1145 877 1201 erat
896 1135 1045 1230 propria
1065 1135 1132 1206 ista

65 1229 255 1303 dissensio.
284 1229 400 1320 Quid!
432 1256 515 1303 eum
543 1236 745 1308 Mnesarchi
772 1240 992 1338 poenitebat?
1021 1243 1131 1341 quid!

66 1339 279 1412 Dardani7?
306 1342 371 1436 qui
400 1355 502 1414 erant
526 1343 675 1419 Athenis
697 1361 775 1420 turn
799 1352 982 1451 principes
1000 1357 1131 1428 stoico-

68 1561 91 1599 et
106 1549 159 1599 Erl.
180 1549 329 1614 accepimus.
347 1551 453 1612 sutilia,
473 1555 516 1619 qui
529 1569 578 1604 non
621 1551 740 1602 eumerio
753 1549 863 1617 qiu‘snam
876 1539 940 1602 οπὲιη
958 1553 990 1602 ed
1006 1553 1059 1602 liae
1071 1569 1132 1602 oon·

69 1625 243 1693 inter-rogandi
268 1646 319 1678 aeae
344 1631 506 1694 ignorabant,
534 1649 578 1682 aua
620 1639 687 1678 texta
706 1628 787 1679 uiinne
809 1631 887 1695 aptari
901 1642 990 1696 potest.
1004 1633 1071 1681 iv.
1084 1635 1132 1681 Le·

68 1719 153 1774 sponte
164 1711 458 1776 nnmpoanernnt‚utin
472 1712 579 1778 vulgatis
620 1708 685 1757 clerc
707 1711 778 1758 uncie
796 1710 895 1760 inclusit
915 1709 944 1760 ei
964 1710 1081 1777 inquunt,
1103 1722 1132 1760 ut

69 1799 115 1847 eat,
131 1786 185 1836 ltoee
196 1804 249 1836 raon
262 1788 345 1836 aerim
361 1808 371 1839 .·
386 1801 492 1840 mutarat
513 1793 578 1842 enini
620 1799 766 1853 ‘ulmum-

69 1869 119 1930 qnia
131 1883 182 1915 non
193 1867 222 1914 in
233 1865 500 1924 ve13uudeutnatum.
512 1873 578 1920 Aeu—
656 1875 681 1924 t.
695 1866 869 1933 Negitarisset‚
879 1883 906 1915 n.
917 1866 1012 1931 etfalar'
1023 1875 1130 1918 notum?

70 1947 113 1994 tias
134 1945 226 1994 deinde
243 1961 290 2010 pro
312 1947 393 1996 uerius
414 1951 577 2012 correximus,
620 1948 658 1995 lta
671 1961 718 2010 pro
732 1947 830 2011 vulgato
842 1947 976 2012 negavisset
985 1946 1078 1995 dudum
1091 1965 1129 1997 re·

68 2025 202 2073 rationibus
226 2026 288 2075 moti
309 2036 346 2075 eet
368 2028 488 2092 fflfibua.
513 2031 578 2079 Nam
621 2027 811 2090 ceperatDavia.
824 2026 954 2091 probatum
968 2038 1075 2091 quatuor
1088 2043 1130 2076 no·

69 2103 204 2152 Antiochus
219 2119 309 2169 supra,
319 2105 391 2154 domo
400 2119 491 2156 natum
504 2109 577 2157 lenis·
619 2105 756 2154 sentim.
768 2105 971 2171 negitassetNen.
989 2113 1064 2169 149⁴,
1075 2123 1131 2155 euin

68 2184 153 2242 simas,
166 2195 194 2231 et
211 2181 227 2247 S
247 2181 293 2242 ιδ,
315 2185 467 2235 adversarius
492 2189 576 2238 lenior.
620 2183 717 2232 duobus
729 2186 822 2234 Davisii
843 2181 991 2251 cogitasset,
1010 2186 1080 2248 quod
1098 2201 1129 2234 ex

71 2262 163 2311 Deinde
173 2261 250 2310 habet
262 2262 329 2312 Gnd.
341 2263 427 2326 aanor,
442 2277 466 2314 et
479 2267 509 2316 ir.
520 2266 576 2318 cod.
619 2263 706 2312 eodm
722 2263 819 2314 fluxisse
831 2265 901 2313 sicile
913 2265 991 2314 videt·
1013 2263 1130 2330 Negitm

69 2342 192 2388 aeuratins
210 2338 222 2404 (
236 2342 282 2391 Dr.
297 2353 352 2392 ante
365 2345 575 2413 accuratissime),
619 2353 699 2391 autem
714 2360 766 2394 non
783 2345 850 2409 apud
860 2345 972 2395 Plautum
993 2355 1017 2394 et
1036 2345 1127 2394 Luere-

68 2431 92 2467 ut
103 2421 146 2470 vix
161 2418 265 2468 dubium
286 2420 452 2488 divulgatam
463 2440 495 2473 ez
505 2441 575 2474 eom.
618 2421 680 2470 tium
694 2423 793 2484 solum,
810 2425 854 2474 aed
868 2413 941 2475 etiem
954 2424 1021 2492 apud
1030 2424 1129 2476 Sallust.

67 2499 155 2563 peudio
166 2487 248 2548 ac-tt'ua
262 2515 313 2548 esee
327 2513 414 2552 onum.
617 2499 717 2567 legitur.
732 2506 766 2552 G.

102 2595 126 2626 n.
134 2579 259 2642 Quamvis.
268 2581 317 2627 Pro
325 2581 576 2644 quantumvisffloiim
655 2582 680 2630 5.
691 2580 848 2646 Excogitavit
853 2582 953 2648 aliquid
957 2589 998 2633 ι’...
1008 2583 1128 2632 Paenituit

68 2654 113 2704 lod
135 2669 252 2707 contexta
271 2657 325 2708 lioee
343 2671 420 2709 sunt:
439 2671 505 2724 «et,
524 2673 575 2712 tuni
624 2660 779 2708 ...admitted
798 2661 864 2709 Goer.
881 2661 948 2710 tollit
963 2661 1129 2725 intenogaudi

68 2752 140 2798 quun
157 2737 240 2786 edlinc
257 2739 394 2787 al’liilonie
404 2740 515 2804 partibus
525 2753 574 2791 ete-
618 2749 709 2787 notam.
722 2739 794 2798 llaec,
812 2739 909 2802 inquit,
931 2751 1014 2804 aperte
1032 2740 1128 2788 inoiaiin

69 2817 262 2874 annuntiatione
279 2833 320 2865 eea
333 2819 430 2882 scriptia
449 2818 575 2882 defendit;
617 2828 766 2882 ponuntur:
790 2816 894 2866 diverbii
913 2819 988 2883 igitur
1004 2817 1079 2868 lineas
1097 2819 1128 2866 iia

69 2906 90 2942 et
107 2913 184 2960 quum
207 2896 239 2944 ab
260 2897 295 2944 eie
316 2897 473 2962 descivisset,
493 2915 576 2950 nonne
618 2894 801 2959 applicavimus.
815 2895 924 2945 lliileein.
937 2897 1014 2945 lineae
1028 2895 1127 2960 quidem

69 2975 128 3024 ideni
148 2991 191 3024 ear
213 2977 310 3024 acutius
326 2976 387 3025 adeo
409 2978 576 3044 impugnavit,
618 2973 690 3034 fecit3
704 2973 746 3020 ted
757 2974 837 3023 omnia
849 2975 974 3036 confudit,
986 2991 1041 3022 etim
1050 2976 1127 3022 Davi·

69 3073 134 3120 quam
142 3056 262 3120 prinam
275 3056 491 3107 minamapsed
500 3075 576 3123 qm.
618 3052 655 3100 aio
678 3053 895 3117 interrogationem
915 3053 1015 3102 addens.
1029 3055 1127 3102 -Eae-

69 3135 152 3184 tuinvia
165 3147 253 3184 acutus
261 3135 302 3184 ille
315 3137 356 3196 ait,
365 3147 412 3185 etc.
422 3159 436 3179 ι
446 3140 477 3188 G.
618 3130 736 3197 cogitavit
751 3131 862 3196 aliquid,
876 3133 940 3181 bene
953 3132 1026 3181 vertit
1042 3132 1132 3206 Cranii·¹

101 3215 125 3263 3.
136 3213 198 3279 Quis
206 3212 344 3278 (mquam),
353 3216 428 3264 eum.
440 3249 463 3266 ..
482 3232 575 3282 quaro.
618 3210 660 3260 lon
670 3226 679 3257 :
689 3211 756 3258 a·t-il
766 3211 810 3259 fait
822 3213 926 3276 quelque
936 3211 1101 3261 dioouvertei
1112 3233 1124 3258 ι

69 3295 169 3342 Germ
183 3293 275 3342 delevit
292 3293 404 3360 inquam,
415 3298 445 3344 1„
458 3312 522 3359 quo,
534 3297 573 3344 in.
617 3315 653 3327 -
663 3291 730 3338 Poen.
745 3289 852 3340 sensisse.
869 3291 963 3350 Idaei,
982 3291 1064 3338 «maie
1078 3290 1126 3339 ribi

68 3371 124 3434 quir,
133 3372 221 3431 miror,
235 3371 278 3436 qui
296 3375 391 3422 limati
404 3373 521 3437 elegantia
531 3372 575 3422 lm
616 3366 723 3432 placuit,
737 3368 862 3434 linumque
873 3369 1000 3418 adhesiaee
1012 3369 1125 3432 Philoni,

68 3451 372 3516 quisquiliagalanrbiuo,
383 3453 492 3513 Davieio,
502 3453 574 3518 quid?
617 3459 664 3498 etc·
676 3470 687 3492 ·
703 3448 735 3497 G·

69 3531 169 3580 Gmtero
201 3533 297 3592 etim,
325 3534 443 3598 pertinaci
465 3544 574 3582 veterum
652 3529 677 3576 6.
694 3528 801 3576 wopa
819 3543 846 3575 ae
861 3527 986 3576 omenti
999 3529 1037 3577 ad
1051 3528 1124 3579 ulios.

67 3609 208 3658 mendorum
235 3623 437 3676 propugnatore,
465 3623 575 3672 notatas,
617 3610 647 3659 ld
661 3622 711 3672 eat,
728 3628 793 3660 «cur
810 3613 897 3660 mansit
914 3613 940 3661 in
960 3614 1096 3678 academia,
1109 3631 1124 3662 e

66 3685 121 3736 ferre
134 3689 256 3754 potuerit.
275 3691 336 3752 Quia
350 3693 413 3739 enirn
422 3691 451 3741 h.
465 3691 483 3740 l.
498 3690 571 3750 ieret,
616 3707 680 3740 nova
692 3691 724 3740 ad
736 3703 839 3741 veterem
847 3693 1026 3758 transmigrans,
1040 3705 1065 3743 et
1072 3709 1124 3742 non

66 3766 139 3827 prino
150 3767 279 3832 alequam..
290 3804 295 3817 .
306 3785 405 3832 quaro,-
416 3769 505 3818 deinde
518 3771 570 3834 inq.
615 3771 699 3836 potius
709 3770 812 3830 Stoicis,
826 3781 854 3818 ut
870 3787 896 3820 re
913 3772 989 3834 iecit,
1000 3773 1035 3822 ite
1048 3771 1123 3820 verbo

67 3855 115 3892 inte
125 3847 192 3894 enim
205 3847 327 3910 positum
339 3849 414 3897 Recte
423 3848 571 3910 lambiens,
588 3842 591 3852 '
616 3849 733 3898 adliaeeiti
746 3871 758 3893 ι

66 3937 136 3986 quoin
150 3925 254 3990 iuquam
270 3941 299 3974 ex
317 3927 367 3974 ania
379 3927 453 3977 codd.
467 3928 573 3987 deleret;
654 3927 821 3992 7.Qirid!eum
830 3925 1124 3980 nouanti...naedanir

66 4011 133 4066 itque
145 4005 180 4054 ita
192 4006 244 4066 jain
256 4005 376 4056 Ninoliua.
397 4007 465 4056 Ideni
477 4006 573 4072 ignorat
617 4009 647 4055 In
665 4007 748 4056 Ursini
768 4007 825 4058 eod.
844 4019 869 4056 et
886 4023 937 4056 uno
955 4005 1048 4055 Daunii
1063 4003 1125 4068 quid

67 4079 93 4130 fr·
108 4083 166 4134 eod.
181 4083 272 4150 reliqui
283 4084 471 4152 meiqui'spiam.
486 4083 570 4137 Daris.
618 4085 704 4136 enim
715 4087 818 4154 ,legitun
832 4090 879 4140 l’er
893 4105 919 4137 re
937 4089 1035 4153 quidem
1047 4083 1121 4142 liene3
