2784 4666
505 399 696 468 TIMAEUS.
1062 398 1133 497 569

75 519 175 616 quod
192 523 292 592 cerni
309 530 450 617 posset,
474 520 639 592 relictum
658 532 751 605 erat;
777 541 845 589 nec
862 519 1030 609 auribus,
1049 523 1134 619 quia

75 654 122 702 ne
142 629 242 728 quod
262 629 447 701 audiretur
467 629 634 726 quidem;
656 652 778 726 neque
795 643 899 699 erant
923 632 1041 728 anima
1065 637 1134 703 cir-

76 737 239 812 cumfusa
265 752 426 810 extrema
444 737 591 826 mundi,
620 752 661 810 ut
679 739 950 835 respirationem
970 741 1133 835 require·

75 864 146 936 ret;
165 873 234 922 nec
254 873 338 921 vero
360 847 585 922 desiderabat
603 863 665 920 aut
684 847 854 920 alimenta
872 850 1054 945 corporis,
1073 866 1136 921 aut

75 957 332 1030 detractionem
349 956 505 1030 confecti
521 971 556 1030 et
569 960 774 1055 consumpti
792 955 863 1029 cibi
876 982 886 1044 ς
901 981 1020 1053 neque
1038 961 1137 1028 enim

74 1065 146 1138 ulla
159 1065 318 1140 decessio
335 1065 413 1140 fieri
423 1081 579 1165 poterat,
595 1091 714 1164 neque
728 1069 902 1138 accessio:
918 1091 1037 1163 neque
1047 1091 1137 1139 vero

74 1190 151 1248 erat
175 1176 283 1248 unde.
316 1180 368 1248 Ita
393 1179 527 1275 seipse
549 1180 826 1276 consumptione
846 1192 882 1248 et
899 1180 1000 1258 senio
1019 1175 1135 1248 alebat

73 1287 146 1373 sui,
165 1309 280 1383 quum
297 1288 373 1385 ipse
389 1311 456 1384 per
470 1311 526 1373 se,
544 1301 614 1358 eta
630 1311 668 1358 se
683 1301 719 1358 et
735 1301 937 1385 pateretur,
952 1299 988 1358 et
1003 1283 1136 1358 laceret

72 1397 207 1468 omnia.
230 1399 294 1470 Sic.
306 1397 399 1468 enim
415 1410 586 1470 natusest
605 1397 683 1484 ille,
697 1402 763 1494 qui
779 1398 844 1468 ista
857 1398 979 1493 junxit
994 1411 1030 1467 et
1046 1420 1135 1466 con·

72 1503 184 1592 didit,
197 1507 315 1605 ipsum
327 1531 365 1579 se
376 1520 586 1580 contentum
597 1529 674 1578 esse
689 1505 887 1593 mundum,
900 1531 1020 1603 neque
1031 1529 1136 1605 egere

72 1615 198 1687 altero.
228 1619 355 1713 ltaque
372 1637 439 1686 nec
458 1619 490 1687 ei
507 1639 635 1698 manus
654 1614 766 1686 affixit
778 1669 788 1703 ,
800 1617 890 1712 quia
906 1640 974 1688 nec
992 1619 1136 1713 capien-

71 1721 163 1794 dum
181 1724 381 1822 quidquam
403 1737 502 1814 erat,
531 1749 598 1796 nec
623 1724 894 1823 repellendum3
921 1750 988 1797 nec
1007 1725 1136 1823 pedes,

71 1859 140 1908 nec
167 1831 234 1904 alia
257 1833 433 1921 membra,
450 1833 585 1931 quibus
606 1837 786 1930 ingressus
810 1858 970 1932 corpore
984 1838 1138 1906 sustine·
1192 1887 1195 1894 .

70 1948 161 2016 rett.
175 1949 316 2017 Motum
334 1948 430 2015 enim
446 1942 546 2016 dedit
563 1943 648 2018 caelo
667 1967 766 2030 eum,
782 1945 845 2040 qni
863 1941 985 2040 figure
1000 1943 1077 2038 ejus
1093 1944 1139 2015 sit

70 2055 297 2152 aptissimus,
322 2056 384 2150 qui
415 2075 511 2124 unns
535 2077 579 2123 ex
601 2065 739 2150 septem
766 2049 948 2124 motibus⁵
978 2068 1139 2134 mentem

68 2179 184 2259 atque
209 2161 481 2260 intelligentiam
502 2161 690 2234 cohiberet
716 2166 879 2234 maxime.
908 2167 1034 2260 ltaque
1067 2189 1139 2236 una

70 2273 310 2344 conversione
326 2287 436 2369 atque
454 2271 578 2344 eadem
597 2275 674 2370 ipse
689 2271 823 2343 circum
840 2287 877 2344 se
896 2287 1087 2370 torquetur
1101 2289 1137 2346 et

68 2381 236 2454 vertitur.
263 2384 332 2454 Sex
353 2396 474 2456 autem
492 2383 653 2480 reliquos
674 2394 795 2454 motus
814 2379 860 2454 ab
879 2408 923 2454 eo
944 2385 1137 2482 separavit;

70 2491 195 2588 itaque
215 2515 298 2562 eum
315 2490 361 2563 ab
381 2493 482 2563 omni
500 2495 677 2564 erratione
696 2491 870 2564 liberavit.
892 2493 945 2564 Ad
965 2493 1059 2565 banc
1072 2496 1136 2590 igi·
1236 2529 1241 2546 ι

71 2613 133 2671 tur
147 2602 437 2692 conversionem,
453 2626 532 2699 quae
551 2601 705 2701 pedibus
722 2617 759 2674 et
776 2601 889 2701 gradu
901 2627 980 2678 ¹nnn
998 2601 1136 2702 egeret,

72 2708 300 2807 ingrediendi
315 2711 475 2784 membra
486 2738 562 2784 non
579 2711 687 2784 dedit.
703 2715 790 2784 Haec.
801 2715 958 2798 Densis,
969 2715 1036 2809 'qui
1049 2727 1136 2797 erat,

72 2816 117 2890 de
131 2819 335 2917 aliquando
354 2820 423 2891 deo
440 2819 565 2892 firturo
583 2822 762 2919 cogitans,
779 2822 901 2892 laevem
919 2845 999 2891 eum
1018 2818 1138 2892 effecit

74 2942 109 2999 et
119 2928 284 3029 undique
298 2930 531 3026 aequabilem,
546 2945 583 3002 et
600 2957 620 3001 a
632 2929 752 3000 medio
766 2929 811 3000 ad
823 2953 1002 3001 summum
1013 2953 1136 3027 parem

74 3053 109 3109 et
122 3039 323 3137 perfectum
338 3055 447 3139 atque
466 3040 672 3113 absolutum
686 3064 731 3110 ex
748 3029 921 3112 absolutis
939 3056 1048 3138 atque
1063 3065 1138 3139 per·

72 3245 127 3306 loa,
145 3247 185 3296 vel
203 3264 272 3299 aurea
286 3249 421 3309 habuisset,
435 3265 486 3298 oon
497 3248 583 3298 fuisoet
626 3247 719 3296 veniret
727 3247 858 3309 maxime»,
869 3263 942 3312 qoam
951 3263 1015 3298 corr.
1026 3245 1137 3299 inutilem

73 3327 174 3380 onntno
189 3327 273 3390 levin
287 3347 343 3380 nam
359 3330 411 3379 lure
426 3344 516 3394 organa
531 3344 582 3377 eor·
626 3329 692 3376 ΙΝ.
707 3329 734 3378 1..
744 3327 882 3378 arbitratur.
897 3354 932 3365 —
943 3328 1040 3392 Septem
1053 3341 1137 3380 motus

74 3408 140 3468 poris
152 3407 280 3458 huntam
291 3419 413 3475 rumpent.
627 3404 657 3455 do
669 3405 758 3470 quibus
766 3408 846 3472 egitur
853 3407 880 3456 hi
891 3417 960 3456 sunt:
970 3407 1135 3470 (latronum,

106 3495 131 3543 4.
147 3485 238 3551 Qur'bus
254 3487 375 3554 ruga-essm
391 3503 492 3553 corpore
510 3487 582 3537 eruti·
627 3485 820 3552 derisu-orsum,⁴
832 3497 903 3546 ante,
926 3497 1007 3547 retro,
1026 3493 1137 3548 currum,

73 3575 149 3612 nme.
162 3563 219 3615 Π.
244 3567 299 3616 DD.
323 3567 448 3631 corrigmt
469 3565 583 3631 «quihus
627 3561 757 3626 (leonum,
773 3564 833 3612 etin
846 3581 872 3613 se
886 3565 1045 3630 ipsum'Vid.
1058 3569 1138 3616 Proel.

73 3639 194 3706 ingrersus
225 3659 316 3710 eorpus
346 3647 516 3705 κώπης
541 3647 582 3694 eut
627 3641 1137 3711 demotu,11,17.*1psenoster,inalio

73 3723 205 3772 noenum
221 3721 319 3776 Sobiitz.
339 3736 364 3776 et
386 3729 412 3776 J.
431 3728 464 3774 V.
484 3725 510 3774 L.
531 3725 583 3774 Alii
626 3721 853 3788 nuaeitoeoonp.
866 3723 1136 3790 sanctarenae),

73 3797 162 3851 babent
185 3802 329 3867 ingressum.
580 3847 583 3854 ,
626 3815 670 3847 sex
692 3800 862 3868 tantummodo
875 3827 878 3832 ·
893 3811 972 3852 motus
1002 3812 1136 3862 memorat,

107 3873 130 3921 5.
153 3871 203 3937 Qui
229 3886 288 3922 unus
311 3890 344 3922 aa·
364 3872 582 3940 septem,.motibus
627 3877 712 3950 plagi}
725 3877 826 3943 ἁπάσας
839 3880 951 3943 κινήσῃς,
971 3883 1019 3931 θοὰ
1040 3883 1089 3930 hoc
1109 3883 1137 3930 in

74 3963 259 4017 manseruntque
272 3953 455 4020 intelligentiam
464 3954 584 4005 cohiberet
625 3957 702 4006 altero
715 3957 773 4007 loco
784 3961 844 4024 ¹agit
867 3962 897 4010 de
918 3961 1026 4011 motibus
1043 3959 1136 4008 bomini

75 4030 191 4079 maxime.
202 4030 334 4080 Inmbimu
350 4035 466 4099 corrigit,
481 4035 581 4100 nqulu.
627 4036 761 4098 concessis,
774 4053 837 4102 qnos
855 4039 919 4088 inter
932 4049 1037 4089 nonest
1055 4049 1136 4087 motus

75 4121 97 4155 o.
111 4125 130 4159 r.
139 4127 172 4160 m.
186 4110 261 4160 menti
271 4119 344 4174 atquc
351 4104 516 4178 intelligentiae
523 4129 582 4164 eon·
627 4117 653 4164 in
666 4117 789 4181 reipsum.
806 4121 830 4168 J.
840 4121 871 4166 V.
881 4121 906 4167 t.
