2744 4684
217 305 289 397 47⁰
571 296 920 370 rsotnoonsns

216 439 255 488 ut
271 421 361 504 velit,
377 443 472 502 eum,
489 422 547 511 qui
564 439 649 488 recta
676 440 709 488 et
724 423 862 487 honesta
878 437 1055 510 sequatur:
1072 421 1151 488 inde
1170 424 1284 510 sequi,

216 543 254 592 ut
272 550 386 592 omnes
403 527 545 615 improbi
561 529 627 593 sint
642 529 741 612 servi,
756 529 782 593 si
793 529 930 593 servitus
940 528 983 592 sit
993 525 1178 592 obedientia
1191 529 1285 593 fracti

217 634 331 715 animi,
348 649 382 697 et
394 633 526 715 abjecti,
542 650 575 698 et
589 635 722 699 arbitrio
737 636 874 699 carentis
890 656 961 698 suo.
979 634 1190 721 Quamquam
1206 651 1286 698 suut

216 740 302 804 varia
324 739 488 803 servitutis
509 738 607 818 hujus
627 761 743 830 genera
763 755 798 804 et
820 739 901 804 loci:
919 754 957 804 ut
974 740 1032 828 qui
1047 739 1126 803 artis
1143 761 1285 827 operum

217 840 447 922 admiratione,
464 856 632 929 tamqnam
653 841 808 923 vinculis,
825 855 994 922 tenentur,
1009 841 1189 928 comparati
1207 863 1283 904 cnm

216 947 252 1011 L.
271 945 513 1028 Mummio‚aut
528 967 605 1010 cum
618 945 674 1012 Μ’.
690 947 790 1012 Curio
803 967 1020 1011 murenarum
1033 946 1128 1034 copis
1143 947 1286 1036 glorian·

216 1065 283 1134 tes,
299 1049 350 1116 rel
366 1051 408 1134 ii,
424 1051 481 1141 qui
497 1051 615 1140 peculii
632 1051 808 1140 cupiditate
822 1050 864 1115 ad
881 1052 1131 1116 assentationem
1148 1067 1184 1116 et
1201 1051 1284 1116 adu·

216 1157 370 1221 lationem
393 1154 614 1239 descendunt,
628 1171 661 1222 et
676 1157 739 1223 alii.
757 1157 843 1222 Tum
859 1155 1003 1222 ostendit
1018 1157 1186 1220 malefacta
1204 1180 1284 1222 oon·

218 1278 407 1350 sequentem
421 1279 628 1351 peccatorum
642 1263 888 1338 conscientiam,
903 1285 940 1328 ac
956 1264 1116 1328 timorem.
1130 1264 1285 1351 Denique

215 1367 251 1431 L.
260 1367 365 1432 Crassi
376 1368 556 1432 orationem
568 1367 625 1431 ubi
637 1369 824 1457 perstrinxit
833 1415 843 1450 ,
852 1369 888 1431 in
896 1391 936 1432 eo
947 1366 1045 1432 finem
1056 1366 1190 1432 dioeudi
1203 1391 1286 1456 quse·

217 1475 280 1555 rit,
295 1471 384 1536 unde
400 1489 470 1537 erat
483 1495 625 1538 exorsus.

260 1579 300 1642 In
315 1593 404 1642 sexto
419 1577 595 1642 Paradoxo
611 1600 744 1667 operam
760 1577 815 1643 dat
825 1594 880 1660 ,ut
894 1576 1099 1668 persuadeat,
1117 1577 1225 1642 sobam
1240 1601 1287 1640 so·

210 1683 349 1766 pietatem
360 1701 422 1742 esse
432 1678 568 1762 divitem,
575 1702 679 1768 quum
691 1679 815 1744 divesis
828 1681 880 1762 sit,
892 1680 945 1744 cui
953 1695 1040 1744 tanta
1052 1680 1216 1768 possessio
1226 1695 1285 1760 ess,

218 1800 257 1848 srt
272 1783 313 1848 ad
330 1784 502 1850 liberaliter
517 1786 692 1852 vivendum
709 1786 802 1850 focile
817 1801 990 1851 contentus
1003 1787 1045 1851 sit
1060 1785 1120 1875 (ι).
1141 1787 1211 1870 Qui
1226 1809 1285 1850 au·

217 1905 303 1972 tem,
324 1907 361 1956 ut
382 1891 439 1980 qui
461 1889 574 1955 divites
597 1892 703 1956 solent
725 1891 895 1979 appellari,
917 1891 991 1980 plus
1015 1913 1144 1980 semper
1168 1893 1286 1979 quovis

219 1993 319 2062 modo
335 2012 483 2086 appetat,
494 1998 585 2062 hunc
601 2021 695 2086 egere
711 1997 837 2086 potius,
853 2020 951 2086 quarn
968 1995 1153 2082 abundare,
1172 1997 1286 2062 dicen-

218 2099 297 2164 dusu
315 2123 393 2166 esse.
416 2104 488 2168 Hoc
509 2102 598 2186 loco,
616 2119 648 2168 et
664 2103 766 2192 capite
782 2101 915 2190 quidem
931 2125 960 2186 a,
978 2104 1083 2168 varios
1102 2103 1286 2190 quaerendo

217 2205 364 2294 pecuniae
389 2207 505 2271 modos
530 2209 688 2293 ostendit,
708 2209 869 2299 oppositis
887 2209 1040 2297 exemplis
1065 2209 1286 2273 continentie.

218 2309 352 2374 Divitias
368 2311 466 2400 igitur
481 2313 594 2377 esseio
605 2314 735 2380 virtute.
751 2317 836 2380 Tum
850 2337 920 2404 cap,
934 2315 1188 2403 3‚aquaestuoso
1198 2316 1287 2380 seuit

221 2412 264 2477 ad
280 2431 506 2503 sumptuosos,
521 2417 717 2504 quibuscum
733 2419 869 2500 majores
883 2433 1062 2510 comparat,
1081 2420 1287 2508 parsimonia

220 2646 320 2704 siderat
332 2675 353 2702 ι.
373 2649 446 2718 Quid
466 2663 556 2705 sutem
569 2671 631 2706 curn
646 2653 749 2707 ratione
769 2655 909 2710 conveniet
929 2654 1094 2728 dignumque
1112 2655 1284 2716 bousiuesis,

217 2746 357 2807 postquam
369 2748 460 2789 nostro
470 2735 529 2790 loco
538 2736 703 2792 ornatissime
714 2738 857 2808 explicuit:
868 2739 1023 2811 preclarum
1035 2739 1164 2793 libertatis
1170 2739 1287 2792 fructum

218 2816 335 2870 ostendit
347 2818 437 2885 bunc,
452 2831 481 2872 us
499 2820 537 2885 is,
557 2819 604 2892 qui
616 2821 735 2874 officium
748 2821 872 2895 legesque
884 2821 997 2875 libenter
1014 2809 1157 2894 sequitur,
1182 2835 1211 2875 et
1226 2841 1287 2876 cusu

214 2897 317 2972 judicio
331 2901 387 2973 agit
397 2901 501 2966 omnia,
516 2903 580 2974 ipsis
593 2905 695 2957 essibus
706 2904 827 2958 humanis
839 2904 931 2960 medat
944 2905 1075 2977 superior,
1085 2905 1184 2978 quippe
1193 2906 1288 2978 quibos

220 3000 274 3034 non
292 2981 426 3051 flectatur,
445 3004 499 3039 uon
513 2999 658 3040 moveatur.
676 2987 800 3042 Ceterum
820 3001 946 3062 sppsret,
964 2989 1016 3042 hoc
1032 2987 1186 3061 paradoxon
1204 3008 1288 3062 prope

219 3061 325 3120 desiisse
339 3087 352 3120 s
367 3081 462 3122 nostre
474 3082 544 3123 certe
555 3067 725 3142 philosophie
736 3089 785 3124 usu
797 3071 921 3145 loquendi
933 3073 1092 3135 sbhorrere,
1112 3091 1197 3144 quum
1209 3074 1288 3126 ratio-

221 3145 280 3211 nis,
299 3147 340 3204 rel
354 3151 441 3221 potius
453 3151 598 3207 voluntatis
610 3153 719 3206 libertas
728 3154 756 3206 in
768 3173 873 3208 suornm
885 3155 1025 3228 discipline
1041 3156 1150 3228 proprie
1167 3155 1287 3222 dicetur,

223 3232 344 3300 opposits
363 3251 455 3288 eorum
469 3237 609 3299 servitute,
624 3237 670 3310 qni
683 3251 778 3310 parent
791 3237 960 3292 libidinibus.

178 3373 184 3385 ·
257 3349 296 3418 (r)
316 3349 391 3406 Hanc
407 3351 590 3430 definitionem
602 3374 615 3408 s
629 3355 730 3428 vulgari
742 3355 830 3410 divitis
845 3355 961 3410 bominis
978 3356 1086 3411 notione
1102 3357 1247 3413 abhorrere
1260 3358 1286 3411 iu

221 3445 350 3506 promptu
361 3447 474 3509 est‚quss
485 3437 592 3511 quidem
602 3458 686 3511 quum
695 3439 889 3494 abundantiam
897 3441 1027 3513 pecunie,
1036 3453 1082 3493 sut
1092 3443 1286 3512 possessionum

224 3517 379 3583 continent,
392 3518 490 3592 singuli
502 3523 688 3586 abundemus,
702 3541 736 3576 su
753 3521 900 3598 quidquam
915 3523 966 3578 illis
983 3521 1062 3589 desit,
1078 3522 1194 3595 judicari
1209 3527 1287 3590 solet,

222 3611 270 3652 aut
282 3599 402 3671 ipsorum
416 3603 530 3674 quadam
544 3605 627 3659 victus
639 3607 777 3679 cultusque
790 3607 962 3672 necessitate,
980 3620 1026 3660 aut
1043 3609 1205 3680 eompsrstis
1222 3609 1286 3662 alio·

223 3702 285 3738 rutu
296 3684 379 3756 copiis
391 3697 416 3738 et
429 3686 532 3758 opibus.
545 3689 606 3742 Jum
617 3691 742 3762 quonism
752 3690 897 3746 ditissimus
907 3692 1020 3764 quisque
1033 3691 1115 3764 vulgo
1124 3693 1240 3746 babetur
1249 3693 1286 3746 fe·

223 3767 364 3823 licissimus
376 3785 384 3834 ς
398 3769 519 3823 ditissimi
531 3784 618 3826 sutem
633 3774 716 3827 solent
727 3787 774 3828 sut
783 3773 931 3846 querende
942 3774 1061 3846 pecunie
1071 3773 1218 3847 cupiditate
1226 3813 1235 3840 ,
1244 3787 1286 3829 snt

226 3851 378 3908 amittendo
395 3865 467 3907 metu
481 3856 593 3908 maxime
605 3858 775 3929 perturbari,
794 3871 825 3912 ut
843 3859 916 3912 nulls
929 3860 987 3913 brec
1000 3878 1060 3912 sese
1077 3858 1111 3913 sit
1124 3877 1218 3914 eorum
1232 3861 1286 3914 feli-

225 3935 292 3992 citas
305 3955 312 3990 :
324 3936 345 3991 is
356 3937 465 3992 demum
477 3937 552 3992 dives
563 3937 633 3992 idem
644 3951 670 3992 et
681 3941 759 4008 felix,
768 3961 815 3996 seu
828 3955 891 3998 sere
900 3943 974 3998 dives
983 3941 1159 4014 appellandus
1171 3947 1231 4008 erit,
1242 3944 1285 3997 cui

226 4039 284 4088 que
298 4021 443 4096 sdsuntusic
456 4032 616 4092 suppetunt,
627 4025 867 4092 ntsatistussit‚ls.
878 4026 963 4081 esuis
976 4027 1054 4081 rebus
1063 4037 1216 4082 contentus.
