2762 4682
244 357 292 452 98
612 353 942 424 mmonucuo

243 481 377 544 rirosne
405 491 532 558 uranu,
557 497 597 540 an
619 475 794 540 mortuus?
828 476 974 540 homone
990 475 1081 564 ipse,
1104 473 1161 564 qui
1180 493 1314 560 omnir,

119 642 122 650 .
244 588 302 666 sit,
318 607 359 648 an
375 581 482 671 lapis?
505 583 594 671 Ergo
614 598 680 646 eta
699 604 767 669 quo
782 579 816 644 id
832 582 974 670 patiatur
988 581 1086 663 sciet,
1104 603 1249 671 namquo
1261 585 1315 650 alii

243 691 323 754 alios
339 688 489 753 homines
503 703 708 776 cognoscunt
722 707 759 750 ac
775 687 902 768 sciunt,
917 687 984 751 rias
996 705 1130 775 qnoque
1147 703 1180 752 et
1194 688 1314 770 urbes,

243 813 277 863 et
292 797 412 861 cibum.
425 792 573 859 Artifices
588 796 686 858 otiam
700 813 759 857 sua
775 795 992 858 instrumenta
1005 809 1230 882 cognoscunt:
1245 815 1316 858 me·

242 901 456 988 diciquoque
473 900 543 964 etii
561 899 619 987 qui
637 899 773 963 nauticas
792 899 839 963 rei
858 914 936 962 sunt
950 898 1066 987 periti,
1085 897 1195 963 lutura
1210 897 1317 964 adno-

242 1023 312 1071 tant
329 1029 366 1071 ac
381 1005 627 1095 praenuntiant3
643 1027 805 1092 canesque
817 1005 958 1070 ferarum
975 1005 1118 1069 tramites
1136 1021 1169 1069 et
1180 1007 1316 1095 vestigia

241 1113 464 1179 adinveniunt.
477 1112 648 1189 Praeterea,
661 1112 719 1198 qui
734 1111 902 1200 quidpiam
916 1111 1056 1199 patitur,
1070 1111 1252 1176 necessario
1263 1113 1315 1176 uti

241 1218 522 1285 accommodatum
531 1217 566 1281 id
572 1239 638 1281 sue
646 1233 781 1294 nature,
790 1216 1314 1307 aututiinooremodumpenipit:

240 1344 315 1408 aut,
325 1325 490 1390 undenam
502 1321 665 1388 affirmare
674 1325 811 1412 poterit,
824 1325 1017 1412 voluptasne
1030 1323 1064 1388 id
1073 1325 1131 1407 sit,
1143 1343 1184 1388 an
1195 1323 1315 1390 dolor?

240 1449 299 1496 aut
314 1429 405 1519 quod
421 1429 494 1512 illo,
512 1428 591 1492 dum
608 1443 736 1518 putat,
754 1445 811 1494 aut
822 1427 901 1493 dum
912 1429 1017 1512 ridet,
1034 1446 1091 1494 aut
1106 1429 1185 1496 dum
1201 1429 1313 1514 audit,

239 1534 592 1624 afficlmri'atquedum
600 1535 838 1624 gustatlingua,
851 1558 889 1600 ac
900 1535 988 1600 ridet
997 1536 1099 1600 oculis
1109 1584 1118 1619 ,
1128 1553 1162 1601 et
1174 1537 1312 1601 auribus

239 1643 355 1708 audit?
368 1660 426 1707 aut
443 1640 611 1731 quomodo
630 1641 738 1706 sciunt
763 1641 828 1705 hoc
850 1641 984 1729 quidem
1005 1663 1120 1730 cepere
1137 1658 1312 1731 oportere,

237 1749 351 1838 fugere
366 1748 473 1814 illud?
489 1747 591 1831 Quod
607 1747 635 1811 si
650 1748 770 1812 horum
785 1747 866 1811 nihil
885 1748 1006 1830 sciant,
1033 1770 1094 1812 nec
1110 1749 1314 1838 appetitione

236 1855 307 1944 agi,
332 1875 374 1918 ne
396 1853 506 1918 conari
529 1849 709 1940 quidquam
732 1867 904 1940 poterunt,
930 1873 1034 1940 eaque
1052 1852 1178 1916 ratione
1201 1873 1314 1941 neque

238 1961 417 2024 animantes
432 1957 565 2046 quidem
578 1975 676 2022 erunt
694 1979 702 2022 ε
718 1957 891 2022 ridiculum
908 1959 997 2022 enim
1012 1957 1125 2039 fixerit,
1146 1959 1174 2022 si
1185 1957 1313 2041 dicant,

237 2065 308 2128 haec
324 2063 458 2152 quidem
479 2065 540 2127 illis
557 2065 763 2154 contingere,
783 2064 952 2152 quomodo
967 2087 1047 2128 rero
1062 2063 1229 2146 accidant,
1257 2087 1313 2131 ne·

236 2171 327 2234 scire.
343 2167 539 2249 Hujusmodi
553 2170 641 2233 enim
655 2192 716 2233 nec
727 2193 768 2232 an
782 2171 934 2234 homines
949 2170 1085 2258 quidem
1098 2172 1181 2254 sint,
1192 2193 1255 2236 nec
1267 2195 1310 2236 an
1341 2163 1344 2170 ’

236 2275 363 2354 vivant,
387 2273 495 2337 dicere
517 2273 637 2338 licebit.
657 2275 746 2364 Ergo
768 2298 829 2339 nec
848 2299 888 2339 an
908 2275 1031 2364 aliquid
1047 2276 1178 2358 dicant,
1195 2297 1232 2340 se
1246 2293 1314 2342 sta·

235 2395 339 2443 tuant.
360 2381 445 2443 Cum
461 2378 511 2442 bis
530 2399 608 2468 ergo
623 2381 696 2466 quis
713 2378 966 2468 disputationem
985 2381 1225 2446 instituatur
1246 2383 1312 2446 nti-

236 2485 361 2549 rabitur
378 2485 513 2548 fortasse
529 2486 707 2574 quispiam,
727 2487 753 2549 si
768 2488 930 2569 nescient,
946 2503 1057 2552 utrum
1077 2489 1111 2552 in
1128 2505 1213 2552 terra
1229 2491 1312 2572 sint,

235 2615 275 2656 an
299 2593 333 2656 in'
358 2590 462 2656 caelo?
477 2593 599 2655 Verum
619 2593 724 2656 multo
748 2595 850 2682 magis
872 2594 1060 2658 mirandum
1083 2612 1155 2677 est,
1181 2597 1311 2662 nescire

235 2698 328 2778 illos,
349 2697 497 2761 tribusne
520 2712 663 2784 quatuor
684 2697 779 2785 plura
796 2697 883 2762 sint?
904 2715 1053 2788 quotque·
1069 2701 1134 2764 sint
1149 2718 1254 2765 unum
1275 2719 1312 2766 et

234 2801 329 2868 duo?
341 2801 458 2890 idque,
474 2815 578 2890 quum
596 2803 815 2892 philosophari
835 2804 1058 2892 profiteantur.
1078 2805 1148 2870 Nec
1165 2807 1253 2871 enim
1272 2808 1310 2871 hi

235 2907 342 2972 dicere
352 2921 507 2995 possunt,
527 2923 609 2994 quot
624 2909 658 2971 in
679 2908 831 2972 manibus
843 2908 961 2998 digitos
977 2910 1202 2976 habcentlaut
1214 2933 1311 2977 num·

234 3013 314 3102 quid
330 3013 476 3102 ipsorum
490 3011 626 3101 quilibet
637 3033 724 3078 unus
740 3015 797 3096 sit,
814 3037 855 3078 an
867 3015 999 3102 plures?
1013 3033 1051 3079 ut
1062 3037 1123 3082 nec
1136 3018 1309 3106 proprium

233 3141 354 3184 nomen
373 3119 540 3201 noverint,
563 3141 624 3183 nec
638 3124 791 3208 patriam,
810 3123 871 3185 nec'
889 3123 1110 3212 Aristippum
1129 3123 1229 3212 igitur
1246 3147 1311 3190 neo

236 3247 319 3312 quos
335 3241 444 3290 ament
460 3241 517 3289 aut
534 3225 681 3308 oderint,
701 3249 839 3315 queque
855 3229 997 3317 cupiant.
1016 3229 1116 3312 Quod
1135 3231 1162 3294 si
1179 3229 1310 3296 rideant

236 3340 293 3393 aut
310 3327 424 3410 fleant,
440 3328 547 3394 dicere
562 3352 630 3394 non
648 3347 821 3418 poterunt,
838 3332 918 3397 illud
935 3352 1005 3398 esse
1020 3333 1212 3419 ridiculum,
1227 3337 1309 3425 alte-

235 3455 308 3497 rum
325 3434 508 3500 molestum.
519 3435 733 3524 Perspicuum
748 3437 847 3526 igitur
858 3455 905 3503 est
921 3440 1017 3504 etism
1033 3463 1094 3505 nec
1108 3440 1189 3528 quid
1205 3441 1309 3507 modo

237 3539 382 3614 dicamus
397 3539 439 3603 ab
453 3541 530 3628 ipsis
544 3541 690 3632 intelligi.
707 3543 904 3624 Hujusmodi
918 3547 1017 3636 igitur
1028 3546 1109 3611 nihil
1120 3569 1137 3610 a
1147 3547 1309 3614 culicibus

236 3645 421 3732 muscisque
440 3643 592 3711 differant
612 3665 766 3736 oportet:
786 3651 865 3739 quin
890 3652 999 3740 potius
1017 3653 1119 3716 'etiam
1138 3653 1214 3732 ista,
1233 3677 1309 3742 qnae

237 3769 359 3816 naturae
375 3773 442 3815 sure
455 3753 671 3836 conveniunt,
689 3775 881 3844 agnoscunt.
893 3761 1002 3846 Atque
1011 3757 1053 3822 ad
1067 3781 1122 3823 eos
1133 3759 1189 3847 qui
1199 3760 1309 3825 isthoc

235 3856 335 3922 modo
351 3856 458 3921 affecti
472 3874 566 3939 sunt,
583 3861 642 3924 etsi
660 3861 760 3926 multa
776 3862 840 3928 dici
855 3881 1006 3952 possent,
1022 3861 1092 3930 haec
1108 3881 1218 3930 tamen
1236 3867 1307 3930 suf-

236 3962 350 4027 ficiunt
362 3993 384 4028 ».
408 3963 485 4028 Haec
509 3963 682 4030 Aristocles
710 3990 749 4032 ex
773 3970 922 4034 versione
943 3987 1081 4035 nostra:
1101 3993 1177 4035 nam
1203 3993 1306 4062 graeca

234 4069 416 4133 adscribere
427 4070 540 4157 piguit.
559 4071 640 4152 Quae
655 4070 730 4136 ideo
746 4075 989 4164 exscripsimus,
1006 4093 1045 4142 ut
1057 4077 1206 4165 exemplo
1218 4079 1305 4161 sint,
