2784 4666
535 353 725 422 TIMAEUS.
1088 353 1157 446 627

84 471 355 552 cognominantur:
369 477 495 550 quorum
506 471 623 530 difficile
640 468 804 528 remedium
815 486 874 529 est:
892 471 1017 531 subortae
1031 475 1106 532 enim
1120 476 1163 533 le—

85 565 165 624 bres
177 566 230 624 hos
245 565 366 624 maxime
380 563 514 622 solvunt:
530 563 594 622 alba
611 583 682 623 vero
699 561 802 639 pituita
825 575 947 640 propter
964 566 1155 641 ampullarum

86 659 231 736 spiritum
243 657 320 716 intus
331 657 440 715 inclusa
452 654 591 729 difficilis,
615 654 652 714 ad
665 654 836 713 exteriorem
853 667 948 713 cutem
966 654 1083 734 delapsa
1099 659 1157 717 mi-

88 750 170 808 tior:
182 748 233 808 sed
246 767 351 832 corpus
367 748 452 807 variis
464 746 599 806 sordibus
616 745 756 824 aspergit,
772 744 903 823 albisque
916 745 1009 803 inlicit
1024 751 1157 822 maculis,

88 855 187 919 atque
200 839 320 900 morbos
336 841 408 899 alios
425 837 568 916 ejusmodi
584 848 722 917 generat:
747 849 816 894 atrae
838 855 908 894 vero
931 834 983 895 bili
1007 840 1162 914 permixta,

86 953 190 1011 quum
202 932 363 992 dirissimos
375 931 477 1010 capitis
491 942 601 989 meatus
614 928 757 1001 illabitur,
772 927 912 1008 dissipare
925 948 975 987 eos
989 929 1062 988 solet
1077 943 1164 1007 atquc

89 1025 237 1084 turbare:
260 1025 284 1083 si
308 1023 520 1083 dormientibus
536 1021 567 1080 id
588 1022 753 1099 contingat,
772 1021 891 1080 mitior:
909 1021 952 1080 sin
967 1021 1165 1098 vigilantibus,

88 1116 220 1195 expulsu
234 1114 399 1174 difficilior:
415 1131 504 1193 quum
516 1133 587 1172 vero
599 1131 689 1172 sacroe
700 1123 811 1171 natura
826 1114 948 1191 languor
957 1113 1010 1171 iste
1023 1114 1074 1186 sit,
1085 1114 1164 1173 baud

87 1205 134 1265 ab
147 1226 180 1264 re
191 1225 272 1266 sacer
282 1205 401 1266 morbus
412 1218 456 1265 est
467 1206 642 1284 appellatus:
653 1203 775 1282 proinde
788 1205 891 1283 pituita
902 1204 985 1264 acida
996 1216 1082 1283 atque
1093 1205 1161 1265 item

87 1300 172 1358 salsa
186 1299 358 1377 languorum
372 1297 517 1367 omnium,
531 1298 583 1375 qui
597 1296 785 1356 distillatione
803 1297 894 1380 fiunt,
910 1299 992 1376 origo
1007 1311 1069 1356 est:
1085 1317 1163 1376 quo*

88 1392 176 1452 niam
193 1409 262 1450 vero
285 1391 410 1469 plurima
423 1390 487 1450 loca
507 1389 654 1462 illabitur,
673 1388 762 1448 malas
778 1389 869 1466 gignit
883 1389 1057 1448 valitudines
1068 1391 1164 1468 pluri-³

89 1502 159 1546 maa
178 1504 185 1540 :
207 1501 395 1561 ‹quaecumque
415 1497 511 1542 autem
525 1493 624 1561 partes
644 1483 777 1560 corporis
794 1493 952 1540 tumescere
971 1481 1123 1554 dicuntur,
1145 1503 1163 1542 a

89 1575 164 1640 bilis
173 1575 307 1635 incendio
318 1588 349 1634 et
357 1574 556 1635 combustione
570 1587 725 1634 vexantur:
740 1591 805 1651 quae
816 1592 905 1651 quum
917 1574 1044 1652 exspirat
1057 1577 1164 1634 extrin-

88 1685 196 1740 secus,
207 1669 304 1727 varios
318 1679 389 1727 aestu
400 1687 453 1727 suo
466 1680 592 1726 tumores
601 1663 750 1746 producit3
764 1666 935 1724 intrinsecus
953 1685 1023 1724 vero
1035 1665 1164 1726 cohibita
1216 1661 1219 1670 ⁴

90 1773 215 1820 urentes
227 1758 387 1837 edacesque
401 1757 519 1818 morbos
530 1757 671 1836 plurimos
680 1767 816 1835 procreat
828 1779 835 1813 :
849 1767 918 1814 tunc
931 1769 1027 1816 autem
1040 1759 1163 1836 pessima

90 1863 161 1924 est,
183 1851 301 1928 quamn
318 1869 394 1928 puro
412 1851 545 1928 sanguini
560 1851 650 1908 mixta
662 1850 798 1908 villorum
808 1849 1033 1927 ligaminumque
1047 1851 1095 1910 fila
1107 1869 1161 1910 suo

89 1963 132 2002 cx
140 1943 243 2001 ordine
256 1942 404 2001 dimovet:
419 1961 483 2018 quae
492 1942 558 2000 ideo
568 1943 598 1999 in
609 1942 776 2020 sanguinem
791 1939 914 1999 diductae
927 1952 956 1999 et
966 1959 1072 2019 sparsae
1083 1955 1159 2015 sunt,

92 2049 130 2094 ut
143 2033 319 2092 mediocrem
331 2033 478 2092 tenuitatis
487 2041 516 2092 et
528 2032 726 2092 crassitudinis
736 2032 867 2092 habitum
880 2047 1091 2111 consequatur3
1112 2056 1162 2094 ne-

91 2147 155 2204 que
172 2138 293 2205 propter
306 2123 501 2194 caliditatem,
515 2144 605 2202 quum
618 2126 680 2203 ipse
692 2125 729 2182 sit
739 2123 885 2198 lubricus,
903 2139 970 2183 raro
986 2145 1022 2184 ex
1039 2133 1163 2205 corpore

91 2215 220 2288 delluat,
233 2235 348 2294 neque,
362 2215 386 2275 si
399 2216 524 2274 crassior
537 2217 590 2285 sit,
606 2216 643 2275 ad
658 2229 769 2276 motum
783 2217 832 2274 liat
846 2217 973 2300 ineptior
987 2231 1073 2295 atque
1087 2237 1162 2297 aegre

91 2327 151 2386 per
170 2327 257 2367 renas
273 2308 345 2368 fluat
361 2319 391 2367 et
405 2305 524 2368 refluat:
544 2306 581 2367 nd
598 2309 673 2367 hanc
688 2309 789 2385 utiquc
802 2320 914 2367 naturae
928 2311 1163 2372 commoditatem

90 2399 262 2478 hujusmodi
273 2397 493 2480 peropportuna
500 2415 568 2462 sunt
576 2401 730 2480 ligamenta
740 2422 747 2458 :
760 2419 823 2478 quae
837 2402 862 2460 si
873 2402 946 2479 quis,
952 2403 1038 2461 etiam
1047 2419 1162 2464 mortuo

92 2505 125 2550 et
138 2490 178 2549 ob
192 2492 282 2570 frigus
296 2493 406 2570 rigente
420 2494 573 2571 sangnine,
586 2494 709 2552 invicem
722 2492 864 2551 conducat
879 2506 908 2551 et
921 2494 1083 2562 contrahat,
1097 2497 1164 2554 reli·

93 2601 173 2660 quus
185 2585 302 2661 sanguis
314 2585 408 2643 omnis
424 2581 599 2644 diffunditur
612 2606 619 2640 :
634 2603 725 2662 quum
741 2603 810 2642 vero
831 2584 923 2642 missae
942 2583 1064 2658 sinerint,
1085 2587 1163 2645 illico

93 2695 163 2733 cum
179 2675 359 2753 praecedente
377 2676 484 2755 frigore
503 2677 716 2753 restringuntur
733 2696 744 2749 :¹
761 2675 897 2752 qnoniam
913 2694 983 2733 vero
1003 2675 1078 2734 hanc
1103 2679 1163 2737 vim

91 2766 158 2824 villi
174 2765 339 2844 hujusmodi
357 2765 388 2824 in
404 2767 573 2844 sanguinem
595 2765 722 2836 habent,
742 2783 833 2841 quum
845 2765 913 2824 bilis
926 2777 1030 2824 natura
1045 2770 1160 2847 sanguis

91 2871 180 2918 aetus
194 2862 332 2932 eraserit,
347 2867 384 2922 ac
397 2879 498 2917 rursus
511 2877 548 2916 ex
560 2856 697 2916 carnibus
710 2856 741 2912 in
755 2856 832 2914 hune
852 2857 940 2916 luerit
950 2859 1093 2933 resoluta,
1115 2881 1161 2920 ca-

92 2949 156 3011 lida
164 2949 320 3010 ethumida
328 2951 477 3030 paullatim
489 2950 615 3030 primum
624 2948 755 3008 incidens
768 2949 904 3006 villorum
915 2949 1030 3009 illorum
1039 2953 1069 3010 vi
1082 2973 1160 3013 com-

94 3061 196 3121 pressa
210 3042 409 3120 restringitur,
424 3061 588 3121 compressa
599 3055 670 3100 vero
683 3041 882 3118 exstinctaque
897 3041 1039 3101 violenter
1048 3047 1160 3123 procel-

96 3135 156 3192 lam
178 3134 255 3192 intus
273 3141 486 3212 tremoremque
505 3134 562 3192 ciet
583 3155 590 3191 ε
615 3146 744 3194 ceterum
764 3132 880 3210 quafflo
906 3133 1025 3192 uberior
1047 3137 1158 3212 affluit,

96 3227 195 3286 calore
206 3227 327 3304 proprio
335 3226 490 3304 ligamenta
501 3243 674 3305 exsuperans
686 3237 849 3303 praeterque
860 3224 979 3284 modum
991 3239 1160 3302 exaestuans,

97 3329 193 3376 servat
205 3316 339 3394 quidem,
354 3335 402 3391 ac,
417 3317 442 3376 si
457 3319 593 3376 continue
606 3315 739 3375 adfinem
752 3335 843 3393 usque
854 3315 960 3376 idonea
972 3317 1098 3378 victoriae
1108 3323 1159 3396 sit,

98 3419 231 3487 penetrat
252 3409 282 3467 in
302 3407 455 3481 medullas,
479 3407 645 3486 adustisque
658 3407 804 3468 radicibus
823 3406 891 3466 inde
914 3409 1017 3468 animae
1032 3413 1160 3487 vincula,

98 3502 180 3579 quasi
194 3502 273 3560 navis
290 3501 389 3573 funes,
406 3502 526 3560 resolvit
544 3513 573 3560 et
589 3513 734 3581 amputat,
751 3499 930 3579 liberamque
943 3501 1081 3563 dimittit:
1107 3507 1158 3566 sed

98 3610 188 3671 quum
201 3594 322 3652 inferior
336 3593 416 3653 adest
429 3612 593 3672 corpusque
607 3595 767 3673 liquescens
781 3594 808 3652 ei
822 3594 942 3668 resistit,
956 3597 1018 3674 ipsa
1028 3597 1160 3657 devincta

99 3698 150 3744 aut
162 3705 215 3764 per
226 3699 317 3746 totum
331 3707 437 3767 eorpus
451 3685 571 3759 excitlit,
579 3700 629 3746 aut
640 3706 694 3765 per
704 3705 792 3744 venas
804 3687 835 3744 in
849 3699 980 3746 ventrem
993 3690 1159 3748 inferiorern

98 3777 313 3854 superioremve
328 3780 490 3858 compulsa,
510 3792 656 3856 tamquam
670 3779 817 3858 transfuga
832 3799 868 3840 en
882 3780 1016 3840 seditiosa
1029 3782 1158 3857 civitate,

99 3870 139 3928 sie
152 3869 282 3948 ellugitc
296 3890 437 3950 corpore,
453 3871 627 3948 morbosque
639 3889 690 3930 eos
704 3869 833 3944 inducit,
855 3892 929 3950 quos
942 3872 1097 3931 diarrhoeas
1109 3893 1159 3931 vo·

100 3975 165 4022 cant
178 3975 207 4022 et
220 3961 412 4040 dysenteriae,
431 3964 460 4023 id
477 3978 529 4040 cst,
543 3966 638 4025 fltraus
650 3963 757 4024 ventris
770 3961 897 4030 lubricos
910 3966 1062 4041 fluxusque
1077 3983 1158 4022 mor-

982 4059 1038 4140 do.
