2776 4688
249 407 295 479 70
406 449 410 454 ,
610 382 940 455 INTRODUCTIO.

224 585 229 612 ὶ
248 524 363 595 traque
375 505 634 595 perspicuitatem
646 504 812 580 dicantur,
828 526 865 568 ea
877 503 1038 592 pertinere
1054 502 1095 566 ad
1111 502 1315 591 superiorem

249 613 440 678 divisionem
460 635 469 678 z
486 627 598 676 contra
614 610 825 699 posteriorem
844 609 925 682 nihil
941 606 1005 674 diei
1023 625 1185 696 oportere.
1201 608 1318 690 Quare

248 721 293 784 ita
305 717 430 807 placere
446 717 544 785 :Tale
552 722 652 782 visum
666 715 787 782 nullum
800 737 865 788 esse
876 718 1078 804 utpemeptia
1091 726 1316 803 consequatur,

249 838 286 890 st
302 835 406 891 cutem
417 824 581 913 probatio,
598 821 710 886 multa.
729 821 858 894 Etenim
873 837 986 888 corsua
998 837 1146 888 naturam
1163 835 1271 900 esset,
1290 818 1319 882 si

247 928 413 1018 probabile
426 929 507 998 nihil
519 943 612 996 esset.
626 957 639 984 υ

290 1042 343 1116 Ar.
357 1035 454 1100 Vides
470 1035 569 1124 igitur
584 1034 911 1123 comprehensionem
929 1033 1118 1100 universam
1134 1048 1320 1121 negatama

247 1140 426 1223 Carneade,
443 1139 702 1228 probabilitatem
718 1161 914 1208 concessam.
937 1139 1239 1226 Comprehensione
1256 1159 1320 1202 au-

246 1265 312 1312 tem
330 1246 470 1328 sublata,
485 1246 595 1310 omnia
613 1245 755 1310 subverti
772 1261 890 1334 putant
907 1245 1025 1326 Stoici,
1042 1266 1173 1327 sensus,
1191 1266 1322 1310 memo-

246 1355 346 1434 riam,
360 1369 461 1432 artes,
479 1350 625 1434 decreta,
644 1351 831 1434 scientiam,
849 1373 922 1440 quaa
939 1350 1322 1438 sine-comprehensione

249 1475 333 1524 stare
347 1457 438 1525 nullo
454 1454 555 1524 modo
572 1479 684 1545 posse,
700 1458 749 1522 uti
765 1457 895 1525 abunde
908 1457 973 1538 jam
990 1457 1216 1545 exposuimus,
1230 1454 1324 1520 dice·

253 1563 341 1628 bant.
365 1563 488 1630 Verum
513 1563 594 1628 nihil
613 1561 677 1629 hoc
701 1561 910 1630 Academicos
933 1563 1124 1654 perturbas:
1148 1561 1327 1628 adomnia

248 1668 335 1740 enim
353 1666 394 1732 ad
412 1691 485 1756 quae
498 1668 599 1734 Stoici
615 1690 692 1732 vero
707 1685 740 1733 et
752 1669 1010 1757 comprehenso,
1027 1669 1063 1732 hi
1079 1691 1139 1740 suo
1157 1667 1324 1756 probabili

249 1789 398 1841 utuntur.
415 1775 533 1840 Scribit
550 1798 628 1868 ergo
651 1776 685 1838 in
706 1775 761 1840 illo
784 1775 885 1842 altero
907 1777 981 1846 loco
1004 1775 1225 1846 Clitomachus
1242 1772 1293 1861 (ι)
1313 1799 1323 1841 a

252 1909 266 1936 ι
283 1879 480 1946 Academicis
496 1882 622 1968 placere
640 1905 711 1946 esse
726 1905 835 1948 rerum
853 1880 1013 1963 ejusmodi
1026 1879 1326 1955 dissimilitudines,

248 2003 287 2052 ut
303 1987 371 2054 aliae
394 1987 576 2075 probabiles
595 1987 783 2069 videantur,
805 1989 873 2052 aliae
901 2003 1037 2068 contra3
1066 1986 1100 2051 id
1122 2003 1232 2052 autern
1250 2009 1323 2050 non

250 2090 430 2173 essesatis,
462 2113 521 2156 cur
548 2091 609 2156 alia
635 2093 756 2181 percipi
775 2115 870 2181 posse
889 2091 999 2174 dicas,
1027 2093 1086 2156 alia
1110 2114 1177 2157 non
1194 2115 1324 2180 posse:

253 2212 423 2286 propterea
447 2195 538 2285 quod
564 2198 666 2262 multa
690 2197 767 2263 faba
788 2197 967 2287 probabilia
990 2199 1076 2280 sint,
1104 2196 1185 2262 nihil
1210 2213 1325 2262 autem

252 2302 323 2368 falsi
330 2320 521 2392 perceptum
531 2320 563 2368 et
576 2304 744 2392 cognitum
756 2304 860 2391 possit
870 2327 968 2374 esse».
985 2304 1097 2368 Cicero
1112 2302 1158 2391 (a)
1170 2303 1235 2368 hoc
1249 2305 1327 2369 solo

253 2407 463 2476 Academicos
485 2410 525 2474 ab
546 2409 662 2474 Stoicis
687 2408 820 2474 differre
847 2410 972 2492 aiebat,
996 2440 1009 2466 «
1025 2408 1116 2498 quod
1137 2432 1174 2474 ea
1195 2432 1268 2497 quae
1288 2409 1327 2472 hi

245 2517 371 2602 percipi
379 2514 679 2603 comprehendique
688 2563 697 2595 ,
706 2512 818 2580 eadem
830 2515 892 2598 illi,
902 2517 927 2580 si
940 2515 1039 2580 modo
1050 2514 1228 2605 probabilia
1240 2516 1326 2596 sint,

253 2621 361 2686 videri
373 2619 483 2686 dicant
493 2651 517 2686 ι.
533 2621 640 2710 Igitur
655 2644 758 2708 quum
775 2638 953 2710 urgentur,
970 2621 1010 2686 ad
1021 2621 1187 2709 probabile
1203 2623 1328 2686 conlu-

252 2727 356 2817 giunt.
375 2726 479 2815 quue
493 2726 666 2792 Carneadis
684 2726 855 2792 consilium
874 2729 974 2794 fuisse
991 2727 1120 2794 ridetur
1133 2727 1269 2793 inducto
1285 2749 1328 2791 ac

252 2833 430 2898 constituto
440 2831 615 2921 probabili,
623 2849 661 2896 ut
671 2855 774 2920 quum
785 2833 826 2898 ad
839 2833 919 2898 illud
931 2835 1023 2923 quasi
1034 2832 1075 2900 ad
1087 2849 1203 2914 castra,
1216 2855 1326 2922 quum
1375 2829 1377 2834 ’

255 2937 485 3026 Acatalepsiam
509 2936 685 3002 defendens
709 2957 929 3026 premeretur,
952 2961 1022 3004 sese
1044 2940 1216 3028 reciperet,
1241 2939 1328 3007 nibil

255 3066 295 3108 ex
311 3065 351 3108 eo
366 3042 505 3131 amplius
521 3041 707 3109 adversariis
722 3043 822 3126 fieret,
832 3069 934 3133 quum
953 3045 1083 3110 interim
1097 3067 1188 3133 aeque
1200 3044 1327 3133 imper-

254 3166 347 3238 cepta
372 3151 482 3215 omnia
508 3150 787 3238 relinquerentur,
811 3151 1009 3240 Acatalepsia
1037 3173 1105 3215 non
1128 3167 1326 3238 expugnata.

254 3259 295 3321 Ι).
311 3256 551 3345 Hieronymus,
568 3255 721 3322 adversus
744 3257 922 3340 Rufinum,
940 3258 997 3323 lib.
1013 3259 1044 3323 ll
1062 3258 1158 3343 (tom.
1173 3257 1235 3339 lV,
1249 3281 1325 3348 pag,

256 3361 318 3447 397
333 3360 586 3446 ):«Arcesilam,
600 3379 657 3428 aut
669 3362 868 3428 Carneadem
882 3379 995 3452 putes,
1008 3365 1065 3452 qui
1079 3362 1189 3428 omnia
1200 3363 1327 3428 incerta

257 3467 489 3555 pronuntiant,
502 3468 614 3533 liceret
622 3468 692 3532 illos
700 3485 831 3556 superet
843 3469 1003 3534 cautione.
1013 3469 1065 3533 Illi
1076 3469 1162 3533 enim
1173 3468 1326 3534 omnium

255 3571 525 3659 pbilosophorum
553 3572 706 3640 invidiam
733 3596 801 3638 non
819 3575 975 3656 ferentes,
999 3573 1089 3662 quod
1107 3573 1203 3638 vitam
1223 3597 1242 3638 e
1260 3573 1326 3641 vim

260 3674 410 3739 tollerent
423 3674 490 3762 (3),
506 3676 687 3742 verisimilia
704 3695 910 3766 repererunt,
927 3696 964 3744 ut
980 3677 1196 3767 ignorantiam
1213 3701 1325 3748 rerum.

296 4027 334 4093 (3)
350 4025 444 4090 «Quod
458 4027 581 4075 veritatem
595 4045 609 4073 e
622 4028 671 4074 vita
684 4027 797 4076 tollerent
807 4049 832 4086 n,
845 4028 945 4087 melius,
956 4041 983 4080 ut
993 4029 1066 4078 nobis
1079 4028 1262 4090 ridetur,iaxta
1273 4029 1327 4078 edi-

259 4119 350 4166 tionem
362 4115 516 4164 noviaeimam
528 4114 629 4162 Domini
641 4115 761 4163 lobannis
771 4115 921 4176 Martianus.
