<?xml version="1.0" encoding="UTF-8"?>
<!DOCTYPE html PUBLIC "-//W3C//DTD XHTML 1.0 Transitional//EN"
    "http://www.w3.org/TR/xhtml1/DTD/xhtml1-transitional.dtd">
<html xmlns="http://www.w3.org/1999/xhtml" xml:lang="en" lang="en">
 <head>
  <title>
</title>
<meta http-equiv="Content-Type" content="text/html;charset=utf-8" />
  <meta name='ocr-system' content='tesseract 3.04.00' />
  <meta name='ocr-capabilities' content='ocr_page ocr_carea ocr_par ocr_line ocrx_word'/>
</head>
<body>
  <div class='ocr_page' id='page_1' title='image "./mtciceronisquae01lemagoog_0261.png"; bbox 0 0 2764 4688; ppageno 0'>
   <div class='ocr_carea' id='block_1_1' title="bbox 304 393 1130 480">
    <p class='ocr_par' dir='ltr' id='par_1_1' title="bbox 304 393 1130 480">
     <span class='ocr_line' id='line_1_1' title="bbox 304 393 1130 480; baseline 0.001 -18"><span class='ocrx_word' id='word_1_1' title='bbox 304 393 555 464; x_wconf 72' lang='lat' dir='ltr'>seuuemo.</span> <span class='ocrx_word' id='word_1_2' title='bbox 576 395 610 480; x_wconf 90' lang='lat'>1,</span> <span class='ocrx_word' id='word_1_3' title='bbox 635 396 769 463; x_wconf 80' lang='lat' dir='ltr'>urnun</span> <span class='ocrx_word' id='word_1_4' title='bbox 793 397 844 480; x_wconf 90' lang='lat'>11,</span> <span class='ocrx_word' id='word_1_5' title='bbox 860 393 891 464; x_wconf 85' lang='lat'>3.</span> <span class='ocrx_word' id='word_1_6' title='bbox 1065 397 1130 478; x_wconf 70' lang='lat'>241</span> 
     </span>
    </p>
   </div>
   <div class='ocr_carea' id='block_1_2' title="bbox 55 513 1174 1610">
    <p class='ocr_par' dir='ltr' id='par_1_2' title="bbox 55 513 1174 1501">
     <span class='ocr_line' id='line_1_2' title="bbox 55 513 1137 616; baseline 0.004 -30"><span class='ocrx_word' id='word_1_7' title='bbox 55 517 225 614; x_wconf 70' lang='lat' dir='ltr'>sapiens,</span> <span class='ocrx_word' id='word_1_8' title='bbox 249 513 309 604; x_wconf 84' lang='lat' dir='ltr'>vel</span> <span class='ocrx_word' id='word_1_9' title='bbox 328 517 484 588; x_wconf 84' lang='lat' dir='ltr'>maxime</span> <span class='ocrx_word' id='word_1_10' title='bbox 502 515 645 588; x_wconf 89' lang='lat' dir='ltr'>videtur</span> <span class='ocrx_word' id='word_1_11' title='bbox 664 541 740 588; x_wconf 88' lang='lat' dir='ltr'>esse</span> <span class='ocrx_word' id='word_1_12' title='bbox 760 517 974 616; x_wconf 87' lang='lat' dir='ltr'>sapientis):</span> <span class='ocrx_word' id='word_1_13' title='bbox 995 516 1077 604; x_wconf 92' lang='lat' dir='ltr'>sed,</span> <span class='ocrx_word' id='word_1_14' title='bbox 1094 532 1137 589; x_wconf 88' lang='lat' dir='ltr'>ut</span> 
     </span>
     <span class='ocr_line' id='line_1_3' title="bbox 70 623 1136 728; baseline 0.003 -32"><span class='ocrx_word' id='word_1_15' title='bbox 70 623 318 722; x_wconf 74' lang='lat' dir='ltr'>potuerunt13,</span> <span class='ocrx_word' id='word_1_16' title='bbox 345 626 516 699; x_wconf 91' lang='lat' dir='ltr'>omnibus</span> <span class='ocrx_word' id='word_1_17' title='bbox 543 625 653 698; x_wconf 88' lang='lat' dir='ltr'>rebus</span> <span class='ocrx_word' id='word_1_18' title='bbox 678 625 828 717; x_wconf 89' lang='lat' dir='ltr'>auditis,</span> <span class='ocrx_word' id='word_1_19' title='bbox 852 631 1005 728; x_wconf 87' lang='lat' dir='ltr'>cognitis</span> <span class='ocrx_word' id='word_1_20' title='bbox 1027 631 1136 700; x_wconf 89' lang='lat' dir='ltr'>etiam</span> 
     </span>
     <span class='ocr_line' id='line_1_4' title="bbox 70 737 1137 833; baseline 0.004 -27"><span class='ocrx_word' id='word_1_21' title='bbox 70 737 288 833; x_wconf 91' lang='lat' dir='ltr'>reliquorum</span> <span class='ocrx_word' id='word_1_22' title='bbox 313 737 500 809; x_wconf 76' lang='lat' dir='ltr'>sententiis</span> <span class='ocrx_word' id='word_1_23' title='bbox 519 737 834 833; x_wconf 69' lang='lat' dir='ltr'>judicaverunt143</span> <span class='ocrx_word' id='word_1_24' title='bbox 861 753 941 828; x_wconf 91' lang='lat' dir='ltr'>aut,</span> <span class='ocrx_word' id='word_1_25' title='bbox 965 763 1004 810; x_wconf 90' lang='lat' dir='ltr'>re</span> <span class='ocrx_word' id='word_1_26' title='bbox 1026 739 1137 812; x_wconf 90' lang='lat' dir='ltr'>semel</span> 
     </span>
     <span class='ocr_line' id='line_1_5' title="bbox 70 846 1138 938; baseline 0.003 -21"><span class='ocrx_word' id='word_1_27' title='bbox 70 847 203 938; x_wconf 89' lang='lat' dir='ltr'>audita,</span> <span class='ocrx_word' id='word_1_28' title='bbox 231 846 277 918; x_wconf 87' lang='lat' dir='ltr'>ad</span> <span class='ocrx_word' id='word_1_29' title='bbox 305 849 416 920; x_wconf 92' lang='lat' dir='ltr'>unius</span> <span class='ocrx_word' id='word_1_30' title='bbox 445 873 483 920; x_wconf 94' lang='lat' dir='ltr'>se</span> <span class='ocrx_word' id='word_1_31' title='bbox 511 849 762 920; x_wconf 88' lang='lat' dir='ltr'>auctoritatem</span> <span class='ocrx_word' id='word_1_32' title='bbox 791 851 1036 925; x_wconf 87' lang='lat' dir='ltr'>contulerunt.</span> <span class='ocrx_word' id='word_1_33' title='bbox 1065 850 1138 921; x_wconf 92' lang='lat' dir='ltr'>Sed</span> 
     </span>
     <span class='ocr_line' id='line_1_6' title="bbox 69 958 1137 1058; baseline 0.003 -30"><span class='ocrx_word' id='word_1_34' title='bbox 69 961 183 1029; x_wconf 92' lang='lat' dir='ltr'>nescio</span> <span class='ocrx_word' id='word_1_35' title='bbox 212 984 291 1056; x_wconf 94' lang='lat' dir='ltr'>quo</span> <span class='ocrx_word' id='word_1_36' title='bbox 318 958 429 1030; x_wconf 92' lang='lat' dir='ltr'>modo</span> <span class='ocrx_word' id='word_1_37' title='bbox 462 959 628 1058; x_wconf 85' lang='lat' dir='ltr'>plerique</span> <span class='ocrx_word' id='word_1_38' title='bbox 658 984 775 1031; x_wconf 89' lang='lat' dir='ltr'>errare</span> <span class='ocrx_word' id='word_1_39' title='bbox 799 960 961 1048; x_wconf 90' lang='lat' dir='ltr'>malunt,</span> <span class='ocrx_word' id='word_1_40' title='bbox 983 985 1137 1058; x_wconf 89' lang='lat' dir='ltr'>eamque</span> 
     </span>
     <span class='ocr_line' id='line_1_7' title="bbox 70 1066 1138 1174; baseline 0.005 -36"><span class='ocrx_word' id='word_1_41' title='bbox 70 1069 304 1156; x_wconf 86' lang='lat' dir='ltr'>sententiam,</span> <span class='ocrx_word' id='word_1_42' title='bbox 324 1095 435 1167; x_wconf 87' lang='lat' dir='ltr'>quam</span> <span class='ocrx_word' id='word_1_43' title='bbox 458 1069 717 1142; x_wconf 85' lang='lat' dir='ltr'>adamaverunt</span> <span class='ocrx_word' id='word_1_44' title='bbox 729 1066 772 1158; x_wconf 86' lang='lat'>¹⁵,</span> <span class='ocrx_word' id='word_1_45' title='bbox 795 1073 1060 1174; x_wconf 74' lang='lat' dir='ltr'>pugnacissime</span> <span class='ocrx_word' id='word_1_46' title='bbox 1076 1071 1138 1143; x_wconf 93' lang='lat' dir='ltr'>de·</span> 
     </span>
     <span class='ocr_line' id='line_1_8' title="bbox 70 1175 1138 1278; baseline 0.005 -31"><span class='ocrx_word' id='word_1_47' title='bbox 70 1175 234 1267; x_wconf 88' lang='lat' dir='ltr'>lendere,</span> <span class='ocrx_word' id='word_1_48' title='bbox 257 1203 366 1276; x_wconf 89' lang='lat' dir='ltr'>quam</span> <span class='ocrx_word' id='word_1_49' title='bbox 396 1181 473 1251; x_wconf 88' lang='lat' dir='ltr'>sine</span> <span class='ocrx_word' id='word_1_50' title='bbox 497 1181 712 1278; x_wconf 82' lang='lat' dir='ltr'>pertinacia,</span> <span class='ocrx_word' id='word_1_51' title='bbox 735 1181 826 1277; x_wconf 91' lang='lat' dir='ltr'>quid</span> <span class='ocrx_word' id='word_1_52' title='bbox 850 1184 1138 1254; x_wconf 87' lang='lat' dir='ltr'>constantissime</span> 
     </span>
     <span class='ocr_line' id='line_1_9' title="bbox 71 1287 477 1388; baseline 0.005 -28"><span class='ocrx_word' id='word_1_53' title='bbox 71 1289 202 1363; x_wconf 87' lang='lat' dir='ltr'>dicatur</span> <span class='ocrx_word' id='word_1_54' title='bbox 216 1287 260 1380; x_wconf 77' lang='lat'>¹⁶,</span> <span class='ocrx_word' id='word_1_55' title='bbox 278 1292 477 1388; x_wconf 82' lang='lat' dir='ltr'>exquirere.</span> 
     </span>
     <span class='ocr_line' id='line_1_10' title="bbox 114 1400 1174 1501; baseline 0.002 -29"><span class='ocrx_word' id='word_1_56' title='bbox 114 1400 261 1493; x_wconf 87' lang='lat' dir='ltr'>Quibus</span> <span class='ocrx_word' id='word_1_57' title='bbox 281 1401 327 1472; x_wconf 92' lang='lat' dir='ltr'>de</span> <span class='ocrx_word' id='word_1_58' title='bbox 345 1400 456 1473; x_wconf 89' lang='lat' dir='ltr'>rebus</span> <span class='ocrx_word' id='word_1_59' title='bbox 474 1417 510 1472; x_wconf 91' lang='lat' dir='ltr'>et</span> <span class='ocrx_word' id='word_1_60' title='bbox 528 1402 727 1500; x_wconf 79' lang='lat' dir='ltr'>aliassaepe</span> <span class='ocrx_word' id='word_1_61' title='bbox 743 1402 850 1474; x_wconf 92' lang='lat' dir='ltr'>nobis</span> <span class='ocrx_word' id='word_1_62' title='bbox 868 1403 1020 1476; x_wconf 86' lang='lat' dir='ltr'>multa¹⁷</span> <span class='ocrx_word' id='word_1_63' title='bbox 1043 1429 1138 1501; x_wconf 85' lang='lat' dir='ltr'>quae-</span> <span class='ocrx_word' id='word_1_64' title='bbox 1157 1435 1174 1486; x_wconf 88' lang='lat'><strong>9</strong></span> 
     </span>
    </p>

    <p class='ocr_par' dir='ltr' id='par_1_3' title="bbox 73 1511 1138 1610">
     <span class='ocr_line' id='line_1_11' title="bbox 73 1511 1138 1610; baseline 0.004 -28"><span class='ocrx_word' id='word_1_65' title='bbox 73 1515 130 1582; x_wconf 85' lang='lat' dir='ltr'>sita</span> <span class='ocrx_word' id='word_1_66' title='bbox 142 1529 179 1584; x_wconf 91' lang='lat' dir='ltr'>et</span> <span class='ocrx_word' id='word_1_67' title='bbox 196 1511 381 1609; x_wconf 87' lang='lat' dir='ltr'>disputata</span> <span class='ocrx_word' id='word_1_68' title='bbox 399 1527 506 1602; x_wconf 85' lang='lat' dir='ltr'>sunt,</span> <span class='ocrx_word' id='word_1_69' title='bbox 525 1527 561 1584; x_wconf 92' lang='lat' dir='ltr'>et</span> <span class='ocrx_word' id='word_1_70' title='bbox 580 1513 766 1610; x_wconf 86' lang='lat' dir='ltr'>quondam</span> <span class='ocrx_word' id='word_1_71' title='bbox 785 1517 822 1584; x_wconf 94' lang='lat' dir='ltr'>in</span> <span class='ocrx_word' id='word_1_72' title='bbox 838 1517 1021 1587; x_wconf 89' lang='lat' dir='ltr'>Hortensii</span> <span class='ocrx_word' id='word_1_73' title='bbox 1037 1515 1138 1600; x_wconf 87' lang='lat' dir='ltr'>villa,</span> 
     </span>
    </p>
   </div>
   <div class='ocr_carea' id='block_1_3' title="bbox 68 1743 1237 4207">
    <p class='ocr_par' dir='ltr' id='par_1_4' title="bbox 68 1743 1237 4207">
     <span class='ocr_line' id='line_1_12' title="bbox 72 1743 1237 1807; baseline 0.007 -17"><span class='ocrx_word' id='word_1_74' title='bbox 72 1743 112 1792; x_wconf 82' lang='lat' dir='ltr'>lere</span> <span class='ocrx_word' id='word_1_75' title='bbox 132 1745 256 1806; x_wconf 71' lang='lat' dir='ltr'>eiusmodi</span> <span class='ocrx_word' id='word_1_76' title='bbox 278 1756 349 1794; x_wconf 81' lang='lat' dir='ltr'>acute</span> <span class='ocrx_word' id='word_1_77' title='bbox 370 1745 450 1805; x_wconf 83' lang='lat' dir='ltr'>dieta,</span> <span class='ocrx_word' id='word_1_78' title='bbox 470 1743 535 1794; x_wconf 70' lang='grc' dir='ltr'>κατά</span> <span class='ocrx_word' id='word_1_79' title='bbox 555 1762 579 1796; x_wconf 86' lang='grc' dir='ltr'>τι</span> <span class='ocrx_word' id='word_1_80' title='bbox 622 1745 776 1807; x_wconf 80' lang='lat' dir='ltr'>disjunctivis</span> <span class='ocrx_word' id='word_1_81' title='bbox 785 1747 994 1796; x_wconf 81' lang='lat' dir='ltr'>enuntiationibus</span> <span class='ocrx_word' id='word_1_82' title='bbox 1004 1747 1086 1796; x_wconf 74' lang='lat' dir='ltr'>abesse</span> <span class='ocrx_word' id='word_1_83' title='bbox 1096 1763 1136 1794; x_wconf 91' lang='lat' dir='ltr'>ne·</span> <span class='ocrx_word' id='word_1_84' title='bbox 1236 1793 1237 1798; x_wconf 75' lang='grc'><strong>,</strong></span> 
     </span>
     <span class='ocr_line' id='line_1_13' title="bbox 72 1824 732 1890; baseline 0.006 -21"><span class='ocrx_word' id='word_1_85' title='bbox 72 1825 189 1887; x_wconf 78' lang='lat' dir='ltr'>capienda.</span> <span class='ocrx_word' id='word_1_86' title='bbox 211 1825 253 1873; x_wconf 82' lang='lat' dir='ltr'>Ad</span> <span class='ocrx_word' id='word_1_87' title='bbox 271 1841 327 1889; x_wconf 79' lang='lat' dir='ltr'>quae</span> <span class='ocrx_word' id='word_1_88' title='bbox 348 1837 403 1890; x_wconf 78' lang='lat' dir='ltr'>epte</span> <span class='ocrx_word' id='word_1_89' title='bbox 422 1825 483 1874; x_wconf 85' lang='lat' dir='ltr'>citat</span> <span class='ocrx_word' id='word_1_90' title='bbox 502 1824 579 1874; x_wconf 84' lang='lat' dir='ltr'>Faber</span> <span class='ocrx_word' id='word_1_91' title='bbox 621 1837 702 1890; x_wconf 86' lang='lat' dir='ltr'>queat.</span> <span class='ocrx_word' id='word_1_92' title='bbox 730 1857 732 1863; x_wconf 39' lang='grc' dir='ltr'><em>ι</em></span> 
     </span>
     <span class='ocr_line' id='line_1_14' title="bbox 72 1903 1136 1970; baseline 0.006 -20"><span class='ocrx_word' id='word_1_93' title='bbox 72 1903 223 1970; x_wconf 79' lang='lat' dir='ltr'>Xenophanis</span> <span class='ocrx_word' id='word_1_94' title='bbox 233 1903 343 1969; x_wconf 85' lang='lat' dir='ltr'>illudap.</span> <span class='ocrx_word' id='word_1_95' title='bbox 356 1907 430 1970; x_wconf 80' lang='lat' dir='ltr'>Diog.</span> <span class='ocrx_word' id='word_1_96' title='bbox 443 1907 578 1966; x_wconf 79' lang='lat' dir='ltr'>Laert.1X,</span> <span class='ocrx_word' id='word_1_97' title='bbox 660 1916 699 1963; x_wconf 68' lang='lat' dir='ltr'>rt.</span> <span class='ocrx_word' id='word_1_98' title='bbox 712 1906 895 1956; x_wconf 70' lang='lat' dir='ltr'>Iudicauerunt.</span> <span class='ocrx_word' id='word_1_99' title='bbox 909 1910 1009 1956; x_wconf 80' lang='lat' dir='ltr'>Haerent</span> <span class='ocrx_word' id='word_1_100' title='bbox 1021 1910 1136 1956; x_wconf 91' lang='lat' dir='ltr'>nonnulli</span> 
     </span>
     <span class='ocr_line' id='line_1_15' title="bbox 73 1976 1137 2054; baseline 0.008 -26"><span class='ocrx_word' id='word_1_101' title='bbox 73 1997 115 2030; x_wconf 83' lang='lat' dir='ltr'>ao:</span> <span class='ocrx_word' id='word_1_102' title='bbox 126 1981 196 2049; x_wconf 71' lang='lat' dir='ltr'>cepis</span> <span class='ocrx_word' id='word_1_103' title='bbox 211 1979 260 2053; x_wconf 68' lang='grc' dir='ltr'>γὰρ</span> <span class='ocrx_word' id='word_1_104' title='bbox 276 1976 335 2032; x_wconf 78' lang='grc' dir='ltr'><strong>εἶναι</strong></span> <span class='ocrx_word' id='word_1_105' title='bbox 348 1979 438 2034; x_wconf 73' lang='lat' dir='ltr'>deiris</span> <span class='ocrx_word' id='word_1_106' title='bbox 451 1983 580 2054; x_wconf 66' lang='grc' dir='ltr'>ἱπιγνωσὸ-</span> <span class='ocrx_word' id='word_1_107' title='bbox 624 1985 651 2032; x_wconf 82' lang='grc' dir='ltr'>ἰιι</span> <span class='ocrx_word' id='word_1_108' title='bbox 660 1983 852 2051; x_wconf 78' lang='lat' dir='ltr'>judicaverunt:</span> <span class='ocrx_word' id='word_1_109' title='bbox 861 2003 934 2051; x_wconf 86' lang='lat' dir='ltr'>quam</span> <span class='ocrx_word' id='word_1_110' title='bbox 947 1999 1020 2046; x_wconf 87' lang='lat' dir='ltr'>recte,</span> <span class='ocrx_word' id='word_1_111' title='bbox 1036 1989 1086 2054; x_wconf 90' lang='lat' dir='ltr'>ipsi</span> <span class='ocrx_word' id='word_1_112' title='bbox 1099 1991 1137 2037; x_wconf 82' lang='lat' dir='ltr'>vi-</span> 
     </span>
     <span class='ocr_line' id='line_1_16' title="bbox 72 2061 1137 2128; baseline 0.006 -18"><span class='ocrx_word' id='word_1_113' title='bbox 72 2079 129 2126; x_wconf 62' lang='lat' dir='ltr'>pum</span> <span class='ocrx_word' id='word_1_114' title='bbox 148 2061 189 2112; x_wconf 77' lang='grc' dir='ltr'>τὸν</span> <span class='ocrx_word' id='word_1_115' title='bbox 210 2061 290 2128; x_wconf 75' lang='grc' dir='ltr'>σοφόν.</span> <span class='ocrx_word' id='word_1_116' title='bbox 309 2067 425 2124; x_wconf 85' lang='lat' dir='ltr'>Fontem,</span> <span class='ocrx_word' id='word_1_117' title='bbox 445 2065 510 2113; x_wconf 92' lang='lat' dir='ltr'>unde</span> <span class='ocrx_word' id='word_1_118' title='bbox 530 2065 579 2113; x_wconf 92' lang='lat' dir='ltr'>hoe</span> <span class='ocrx_word' id='word_1_119' title='bbox 622 2065 710 2125; x_wconf 87' lang='lat' dir='ltr'>deaut,</span> <span class='ocrx_word' id='word_1_120' title='bbox 728 2067 749 2113; x_wconf 89' lang='lat' dir='ltr'>si</span> <span class='ocrx_word' id='word_1_121' title='bbox 758 2067 853 2114; x_wconf 88' lang='lat' dir='ltr'>auctori</span> <span class='ocrx_word' id='word_1_122' title='bbox 866 2069 955 2116; x_wconf 88' lang='lat' dir='ltr'>rectius</span> <span class='ocrx_word' id='word_1_123' title='bbox 965 2068 1137 2126; x_wconf 60' lang='lat' dir='ltr'>adsurrectum</span> 
     </span>
     <span class='ocr_line' id='line_1_17' title="bbox 72 2141 1137 2213; baseline 0.005 -23"><span class='ocrx_word' id='word_1_124' title='bbox 72 2141 155 2190; x_wconf 66' lang='lat' dir='ltr'>d‘rctum</span> <span class='ocrx_word' id='word_1_125' title='bbox 166 2143 275 2192; x_wconf 78' lang='lat' dir='ltr'>hauserit</span> <span class='ocrx_word' id='word_1_126' title='bbox 287 2144 387 2204; x_wconf 90' lang='lat' dir='ltr'>Cicero,</span> <span class='ocrx_word' id='word_1_127' title='bbox 401 2143 478 2192; x_wconf 86' lang='lat' dir='ltr'>rides.</span> <span class='ocrx_word' id='word_1_128' title='bbox 494 2146 524 2194; x_wconf 88' lang='lat' dir='ltr'>G.</span> <span class='ocrx_word' id='word_1_129' title='bbox 621 2147 664 2210; x_wconf 87' lang='lat' dir='ltr'>qui</span> <span class='ocrx_word' id='word_1_130' title='bbox 681 2146 875 2210; x_wconf 85' lang='lat' dir='ltr'>frequentissime</span> <span class='ocrx_word' id='word_1_131' title='bbox 887 2143 1016 2210; x_wconf 82' lang='lat' dir='ltr'>judicare,</span> <span class='ocrx_word' id='word_1_132' title='bbox 1035 2165 1082 2212; x_wconf 90' lang='lat' dir='ltr'>pro</span> <span class='ocrx_word' id='word_1_133' title='bbox 1092 2148 1137 2213; x_wconf 85' lang='lat' dir='ltr'>jn·</span> 
     </span>
     <span class='ocr_line' id='line_1_18' title="bbox 103 2223 978 2290; baseline 0.007 -20"><span class='ocrx_word' id='word_1_134' title='bbox 103 2225 140 2272; x_wconf 81' lang='lat'>13.</span> <span class='ocrx_word' id='word_1_135' title='bbox 150 2223 201 2270; x_wconf 83' lang='lat' dir='ltr'>Sed</span> <span class='ocrx_word' id='word_1_136' title='bbox 206 2258 214 2284; x_wconf 90' lang='lat'><strong><em>‚</em></strong></span> <span class='ocrx_word' id='word_1_137' title='bbox 225 2233 251 2270; x_wconf 84' lang='lat' dir='ltr'>ut</span> <span class='ocrx_word' id='word_1_138' title='bbox 257 2235 407 2289; x_wconf 81' lang='lat' dir='ltr'>potuerunt,</span> <span class='ocrx_word' id='word_1_139' title='bbox 419 2235 466 2274; x_wconf 89' lang='lat' dir='ltr'>etc.</span> <span class='ocrx_word' id='word_1_140' title='bbox 475 2226 579 2273; x_wconf 83' lang='lat' dir='ltr'>Goerenz</span> <span class='ocrx_word' id='word_1_141' title='bbox 621 2224 729 2272; x_wconf 81' lang='lat' dir='ltr'>dicatum</span> <span class='ocrx_word' id='word_1_142' title='bbox 738 2226 822 2290; x_wconf 85' lang='lat' dir='ltr'>sequi,</span> <span class='ocrx_word' id='word_1_143' title='bbox 836 2226 930 2275; x_wconf 87' lang='lat' dir='ltr'>scribit.</span> <span class='ocrx_word' id='word_1_144' title='bbox 947 2229 978 2276; x_wconf 89' lang='lat' dir='ltr'>G.</span> 
     </span>
     <span class='ocr_line' id='line_1_19' title="bbox 71 2301 1138 2370; baseline 0.007 -22"><span class='ocrx_word' id='word_1_145' title='bbox 71 2301 106 2349; x_wconf 83' lang='lat' dir='ltr'>dat</span> <span class='ocrx_word' id='word_1_146' title='bbox 123 2327 134 2345; x_wconf 82' lang='grc' dir='ltr'>ι</span> <span class='ocrx_word' id='word_1_147' title='bbox 148 2304 191 2352; x_wconf 86' lang='lat' dir='ltr'>sed</span> <span class='ocrx_word' id='word_1_148' title='bbox 209 2315 267 2364; x_wconf 83' lang='lat' dir='ltr'>ant,</span> <span class='ocrx_word' id='word_1_149' title='bbox 286 2317 314 2354; x_wconf 89' lang='lat' dir='ltr'>nt</span> <span class='ocrx_word' id='word_1_150' title='bbox 332 2307 491 2370; x_wconf 75' lang='lat' dir='ltr'>potuerint».</span> <span class='ocrx_word' id='word_1_151' title='bbox 510 2309 579 2370; x_wconf 86' lang='lat' dir='ltr'>Quot</span> <span class='ocrx_word' id='word_1_152' title='bbox 660 2305 699 2352; x_wconf 82' lang='lat'>15.</span> <span class='ocrx_word' id='word_1_153' title='bbox 712 2305 903 2354; x_wconf 81' lang='lat' dir='ltr'>Adumavcrnrrt.</span> <span class='ocrx_word' id='word_1_154' title='bbox 913 2305 1035 2355; x_wconf 83' lang='lat' dir='ltr'>Nonnulli</span> <span class='ocrx_word' id='word_1_155' title='bbox 1047 2323 1078 2354; x_wconf 84' lang='lat' dir='ltr'>ex</span> <span class='ocrx_word' id='word_1_156' title='bbox 1088 2305 1138 2355; x_wconf 80' lang='lat' dir='ltr'>No</span> 
     </span>
     <span class='ocr_line' id='line_1_20' title="bbox 72 2379 1137 2449; baseline 0.007 -22"><span class='ocrx_word' id='word_1_157' title='bbox 72 2381 184 2443; x_wconf 79' lang='lat' dir='ltr'>editores,</span> <span class='ocrx_word' id='word_1_158' title='bbox 199 2383 346 2448; x_wconf 86' lang='lat' dir='ltr'>inquit,hic</span> <span class='ocrx_word' id='word_1_159' title='bbox 360 2385 446 2445; x_wconf 90' lang='lat' dir='ltr'>locus,</span> <span class='ocrx_word' id='word_1_160' title='bbox 460 2395 578 2449; x_wconf 79' lang='lat' dir='ltr'>totpaene</span> <span class='ocrx_word' id='word_1_161' title='bbox 621 2384 664 2430; x_wconf 88' lang='lat' dir='ltr'>nio</span> <span class='ocrx_word' id='word_1_162' title='bbox 684 2383 899 2434; x_wconf 79' lang='lat' dir='ltr'>addamuvcrnrrt:</span> <span class='ocrx_word' id='word_1_163' title='bbox 925 2385 969 2436; x_wconf 85' lang='lat' dir='ltr'>sed</span> <span class='ocrx_word' id='word_1_164' title='bbox 989 2379 1069 2434; x_wconf 79' lang='lat' dir='ltr'>bonus</span> <span class='ocrx_word' id='word_1_165' title='bbox 1095 2385 1137 2434; x_wconf 88' lang='lat' dir='ltr'>ille</span> 
     </span>
     <span class='ocr_line' id='line_1_21' title="bbox 71 2463 1136 2531; baseline 0.002 -21"><span class='ocrx_word' id='word_1_166' title='bbox 71 2475 212 2512; x_wconf 74' lang='lat' dir='ltr'>commotas</span> <span class='ocrx_word' id='word_1_167' title='bbox 222 2465 318 2513; x_wconf 81' lang='lat' dir='ltr'>habuit.</span> <span class='ocrx_word' id='word_1_168' title='bbox 339 2465 387 2514; x_wconf 88' lang='lat' dir='ltr'>Sed</span> <span class='ocrx_word' id='word_1_169' title='bbox 398 2467 461 2513; x_wconf 86' lang='lat' dir='ltr'>inter</span> <span class='ocrx_word' id='word_1_170' title='bbox 473 2467 503 2514; x_wconf 80' lang='lat'>18</span> <span class='ocrx_word' id='word_1_171' title='bbox 520 2463 577 2516; x_wconf 80' lang='lat' dir='ltr'>VV.</span> <span class='ocrx_word' id='word_1_172' title='bbox 621 2465 838 2526; x_wconf 69' lang='lat' dir='ltr'>grammaticum</span> <span class='ocrx_word' id='word_1_173' title='bbox 858 2465 945 2513; x_wconf 83' lang='lat' dir='ltr'>vitiosa</span> <span class='ocrx_word' id='word_1_174' title='bbox 959 2465 1079 2531; x_wconf 78' lang='lat' dir='ltr'>scripture</span> <span class='ocrx_word' id='word_1_175' title='bbox 1092 2466 1136 2512; x_wconf 66' lang='lat' dir='ltr'>de.</span> 
     </span>
     <span class='ocr_line' id='line_1_22' title="bbox 71 2541 912 2609; baseline 0.004 -19"><span class='ocrx_word' id='word_1_176' title='bbox 71 2541 121 2588; x_wconf 81' lang='lat' dir='ltr'>DI).</span> <span class='ocrx_word' id='word_1_177' title='bbox 134 2544 300 2592; x_wconf 83' lang='lat' dir='ltr'>correctiones</span> <span class='ocrx_word' id='word_1_178' title='bbox 314 2543 372 2609; x_wconf 88' lang='lat' dir='ltr'>(tot</span> <span class='ocrx_word' id='word_1_179' title='bbox 385 2545 448 2592; x_wconf 88' lang='lat' dir='ltr'>enim</span> <span class='ocrx_word' id='word_1_180' title='bbox 464 2544 578 2593; x_wconf 85' lang='lat' dir='ltr'>collectus</span> <span class='ocrx_word' id='word_1_181' title='bbox 621 2544 672 2608; x_wconf 88' lang='lat' dir='ltr'>cipi</span> <span class='ocrx_word' id='word_1_182' title='bbox 684 2561 709 2591; x_wconf 85' lang='lat' dir='ltr'>se</span> <span class='ocrx_word' id='word_1_183' title='bbox 720 2561 805 2608; x_wconf 82' lang='lat' dir='ltr'>passus</span> <span class='ocrx_word' id='word_1_184' title='bbox 820 2555 864 2592; x_wconf 86' lang='lat' dir='ltr'>est.</span> <span class='ocrx_word' id='word_1_185' title='bbox 881 2545 912 2593; x_wconf 86' lang='lat' dir='ltr'>G.</span> 
     </span>
     <span class='ocr_line' id='line_1_23' title="bbox 71 2617 1135 2688; baseline 0.005 -22"><span class='ocrx_word' id='word_1_186' title='bbox 71 2617 176 2670; x_wconf 83' lang='lat' dir='ltr'>habentus</span> <span class='ocrx_word' id='word_1_187' title='bbox 190 2621 216 2688; x_wconf 87' lang='lat'>)‚</span> <span class='ocrx_word' id='word_1_188' title='bbox 239 2623 333 2672; x_wconf 76' lang='lat' dir='ltr'>nnllam</span> <span class='ocrx_word' id='word_1_189' title='bbox 356 2623 577 2688; x_wconf 86' lang='lat' dir='ltr'>deprehendimus,</span> <span class='ocrx_word' id='word_1_190' title='bbox 660 2625 702 2671; x_wconf 84' lang='lat'>16.</span> <span class='ocrx_word' id='word_1_191' title='bbox 727 2621 794 2688; x_wconf 80' lang='lat' dir='ltr'>Quid</span> <span class='ocrx_word' id='word_1_192' title='bbox 816 2622 1008 2672; x_wconf 56' lang='lat' dir='ltr'>constantissime</span> <span class='ocrx_word' id='word_1_193' title='bbox 1030 2623 1135 2672; x_wconf 81' lang='lat' dir='ltr'>dicotur.</span> 
     </span>
     <span class='ocr_line' id='line_1_24' title="bbox 72 2702 1135 2770; baseline -0.002 -20"><span class='ocrx_word' id='word_1_194' title='bbox 72 2715 131 2762; x_wconf 73' lang='lat' dir='ltr'>qut,</span> <span class='ocrx_word' id='word_1_195' title='bbox 145 2703 270 2751; x_wconf 77' lang='lat' dir='ltr'>contextis</span> <span class='ocrx_word' id='word_1_196' title='bbox 284 2702 364 2768; x_wconf 90' lang='lat' dir='ltr'>probe</span> <span class='ocrx_word' id='word_1_197' title='bbox 381 2714 476 2768; x_wconf 83' lang='lat' dir='ltr'>aptata,</span> <span class='ocrx_word' id='word_1_198' title='bbox 489 2720 577 2751; x_wconf 82' lang='lat' dir='ltr'>exau·</span> <span class='ocrx_word' id='word_1_199' title='bbox 621 2723 633 2744; x_wconf 72' lang='lat' dir='ltr'>n</span> <span class='ocrx_word' id='word_1_200' title='bbox 646 2702 721 2770; x_wconf 82' lang='lat' dir='ltr'>Quod</span> <span class='ocrx_word' id='word_1_201' title='bbox 734 2705 785 2765; x_wconf 79' lang='lat' dir='ltr'>ejus</span> <span class='ocrx_word' id='word_1_202' title='bbox 799 2703 892 2768; x_wconf 79' lang='lat' dir='ltr'>generis</span> <span class='ocrx_word' id='word_1_203' title='bbox 906 2704 949 2760; x_wconf 88' lang='lat' dir='ltr'>sit,</span> <span class='ocrx_word' id='word_1_204' title='bbox 965 2713 993 2750; x_wconf 94' lang='lat' dir='ltr'>ut</span> <span class='ocrx_word' id='word_1_205' title='bbox 1008 2703 1034 2749; x_wconf 92' lang='lat' dir='ltr'>iu</span> <span class='ocrx_word' id='word_1_206' title='bbox 1048 2718 1078 2748; x_wconf 91' lang='lat' dir='ltr'>eo</span> <span class='ocrx_word' id='word_1_207' title='bbox 1093 2702 1135 2748; x_wconf 89' lang='lat' dir='ltr'>de-</span> 
     </span>
     <span class='ocr_line' id='line_1_25' title="bbox 72 2781 1134 2848; baseline 0.008 -23"><span class='ocrx_word' id='word_1_208' title='bbox 72 2781 136 2827; x_wconf 76' lang='lat' dir='ltr'>ctoris</span> <span class='ocrx_word' id='word_1_209' title='bbox 153 2797 200 2829; x_wconf 78' lang='lat' dir='ltr'>usu</span> <span class='ocrx_word' id='word_1_210' title='bbox 218 2793 282 2830; x_wconf 82' lang='lat' dir='ltr'>esset</span> <span class='ocrx_word' id='word_1_211' title='bbox 299 2782 480 2845; x_wconf 83' lang='lat' dir='ltr'>‚facilitateque</span> <span class='ocrx_word' id='word_1_212' title='bbox 497 2782 577 2846; x_wconf 83' lang='lat' dir='ltr'>aliqua</span> <span class='ocrx_word' id='word_1_213' title='bbox 621 2785 744 2832; x_wconf 74' lang='lat' dir='ltr'>tendendo</span> <span class='ocrx_word' id='word_1_214' title='bbox 762 2799 894 2848; x_wconf 80' lang='lat' dir='ltr'>numquam</span> <span class='ocrx_word' id='word_1_215' title='bbox 914 2793 992 2830; x_wconf 85' lang='lat' dir='ltr'>tecum</span> <span class='ocrx_word' id='word_1_216' title='bbox 1009 2797 1134 2846; x_wconf 80' lang='lat' dir='ltr'>pugnes».</span> 
     </span>
     <span class='ocr_line' id='line_1_26' title="bbox 71 2861 1180 2936; baseline 0.005 -31"><span class='ocrx_word' id='word_1_217' title='bbox 71 2873 106 2905; x_wconf 82' lang='lat' dir='ltr'>sua</span> <span class='ocrx_word' id='word_1_218' title='bbox 121 2861 341 2910; x_wconf 72' lang='lat' dir='ltr'>commendaretur.</span> <span class='ocrx_word' id='word_1_219' title='bbox 356 2861 477 2924; x_wconf 85' lang='lat' dir='ltr'>Vulgatnr</span> <span class='ocrx_word' id='word_1_220' title='bbox 495 2862 577 2924; x_wconf 77' lang='lat' dir='ltr'>«sed,</span> <span class='ocrx_word' id='word_1_221' title='bbox 621 2863 966 2930; x_wconf 73' lang='lat' dir='ltr'>Opponitnrupugnacissime</span> <span class='ocrx_word' id='word_1_222' title='bbox 977 2861 1133 2921; x_wconf 81' lang='lat' dir='ltr'>defendere»,</span> <span class='ocrx_word' id='word_1_223' title='bbox 1179 2923 1180 2936; x_wconf 13' lang='grc' dir='ltr'><strong>χ</strong></span> 
     </span>
     <span class='ocr_line' id='line_1_27' title="bbox 71 2941 1132 3006; baseline 0.006 -22"><span class='ocrx_word' id='word_1_224' title='bbox 71 2943 378 3006; x_wconf 79' lang='lat' dir='ltr'>utpotueruutn,atqneita</span> <span class='ocrx_word' id='word_1_225' title='bbox 388 2941 472 3006; x_wconf 87' lang='lat' dir='ltr'>scripti</span> <span class='ocrx_word' id='word_1_226' title='bbox 481 2957 577 3001; x_wconf 88' lang='lat' dir='ltr'>omnes;</span> <span class='ocrx_word' id='word_1_227' title='bbox 620 2944 689 3006; x_wconf 89' lang='lat' dir='ltr'>quod</span> <span class='ocrx_word' id='word_1_228' title='bbox 699 2959 788 3006; x_wconf 87' lang='lat' dir='ltr'>supra,</span> <span class='ocrx_word' id='word_1_229' title='bbox 798 2942 815 2990; x_wconf 90' lang='lat' dir='ltr'>i.</span> <span class='ocrx_word' id='word_1_230' title='bbox 830 2959 851 2990; x_wconf 92' lang='lat' dir='ltr'>e.</span> <span class='ocrx_word' id='word_1_231' title='bbox 868 2943 906 2990; x_wconf 81' lang='lat' dir='ltr'>rel</span> <span class='ocrx_word' id='word_1_232' title='bbox 923 2943 1073 3006; x_wconf 78' lang='lat' dir='ltr'>apertissime</span> <span class='ocrx_word' id='word_1_233' title='bbox 1087 2943 1132 2990; x_wconf 86' lang='lat' dir='ltr'>ab·</span> 
     </span>
     <span class='ocr_line' id='line_1_28' title="bbox 71 3019 1133 3085; baseline 0.002 -19"><span class='ocrx_word' id='word_1_234' title='bbox 71 3019 136 3067; x_wconf 83' lang='lat' dir='ltr'>uodo</span> <span class='ocrx_word' id='word_1_235' title='bbox 151 3020 222 3085; x_wconf 88' lang='lat' dir='ltr'>quod</span> <span class='ocrx_word' id='word_1_236' title='bbox 240 3021 323 3085; x_wconf 83' lang='lat' dir='ltr'>plures</span> <span class='ocrx_word' id='word_1_237' title='bbox 333 3019 459 3085; x_wconf 82' lang='lat' dir='ltr'>potuerint</span> <span class='ocrx_word' id='word_1_238' title='bbox 470 3022 576 3080; x_wconf 81' lang='lat' dir='ltr'>variant,</span> <span class='ocrx_word' id='word_1_239' title='bbox 619 3021 715 3070; x_wconf 85' lang='lat' dir='ltr'>surdam</span> <span class='ocrx_word' id='word_1_240' title='bbox 727 3021 879 3084; x_wconf 81' lang='lat' dir='ltr'>disciplinam</span> <span class='ocrx_word' id='word_1_241' title='bbox 890 3023 972 3082; x_wconf 88' lang='lat' dir='ltr'>omni,</span> <span class='ocrx_word' id='word_1_242' title='bbox 982 3037 1032 3085; x_wconf 89' lang='lat' dir='ltr'>quo</span> <span class='ocrx_word' id='word_1_243' title='bbox 1042 3022 1133 3085; x_wconf 88' lang='lat' dir='ltr'>possis,</span> 
     </span>
     <span class='ocr_line' id='line_1_29' title="bbox 70 3095 894 3164; baseline 0.006 -21"><span class='ocrx_word' id='word_1_244' title='bbox 70 3111 116 3144; x_wconf 85' lang='lat' dir='ltr'>eum</span> <span class='ocrx_word' id='word_1_245' title='bbox 131 3099 223 3162; x_wconf 87' lang='lat' dir='ltr'>quibus</span> <span class='ocrx_word' id='word_1_246' title='bbox 237 3101 295 3148; x_wconf 74' lang='lat' dir='ltr'>facit</span> <span class='ocrx_word' id='word_1_247' title='bbox 308 3101 341 3148; x_wconf 89' lang='lat' dir='ltr'>t&#39;r.</span> <span class='ocrx_word' id='word_1_248' title='bbox 355 3099 411 3148; x_wconf 79' lang='lat' dir='ltr'>cod</span> <span class='ocrx_word' id='word_1_249' title='bbox 425 3111 451 3148; x_wconf 88' lang='lat' dir='ltr'>et</span> <span class='ocrx_word' id='word_1_250' title='bbox 466 3095 489 3164; x_wconf 79' lang='grc' dir='ltr'>ψ.</span> <span class='ocrx_word' id='word_1_251' title='bbox 508 3103 576 3150; x_wconf 84' lang='lat' dir='ltr'>Loco</span> <span class='ocrx_word' id='word_1_252' title='bbox 619 3099 694 3149; x_wconf 89' lang='lat' dir='ltr'>modo</span> <span class='ocrx_word' id='word_1_253' title='bbox 709 3100 846 3148; x_wconf 84' lang='lat' dir='ltr'>defendere.</span> <span class='ocrx_word' id='word_1_254' title='bbox 861 3102 894 3149; x_wconf 90' lang='lat' dir='ltr'>G.</span> 
     </span>
     <span class='ocr_line' id='line_1_30' title="bbox 70 3177 1132 3244; baseline 0.006 -22"><span class='ocrx_word' id='word_1_255' title='bbox 70 3187 106 3222; x_wconf 84' lang='lat' dir='ltr'>cut</span> <span class='ocrx_word' id='word_1_256' title='bbox 121 3178 211 3228; x_wconf 89' lang='lat' dir='ltr'>deinde</span> <span class='ocrx_word' id='word_1_257' title='bbox 233 3181 306 3230; x_wconf 87' lang='lat' dir='ltr'>codd.</span> <span class='ocrx_word' id='word_1_258' title='bbox 331 3181 414 3228; x_wconf 89' lang='lat' dir='ltr'>nescio</span> <span class='ocrx_word' id='word_1_259' title='bbox 433 3183 475 3244; x_wconf 90' lang='lat' dir='ltr'>qni</span> <span class='ocrx_word' id='word_1_260' title='bbox 494 3193 578 3230; x_wconf 80' lang='lat' dir='ltr'>aretem</span> <span class='ocrx_word' id='word_1_261' title='bbox 658 3196 698 3242; x_wconf 84' lang='lat'>¹7·</span> <span class='ocrx_word' id='word_1_262' title='bbox 724 3181 758 3226; x_wconf 83' lang='lat' dir='ltr'>Et</span> <span class='ocrx_word' id='word_1_263' title='bbox 781 3177 845 3226; x_wconf 82' lang='lat' dir='ltr'>olias</span> <span class='ocrx_word' id='word_1_264' title='bbox 866 3195 931 3243; x_wconf 83' lang='lat' dir='ltr'>soeps</span> <span class='ocrx_word' id='word_1_265' title='bbox 954 3179 1023 3227; x_wconf 82' lang='lat' dir='ltr'>nobis</span> <span class='ocrx_word' id='word_1_266' title='bbox 1045 3181 1132 3228; x_wconf 84' lang='lat' dir='ltr'>multo.</span> 
     </span>
     <span class='ocr_line' id='line_1_31' title="bbox 69 3257 1132 3324; baseline 0.002 -20"><span class='ocrx_word' id='word_1_267' title='bbox 69 3257 170 3317; x_wconf 69' lang='lat' dir='ltr'>prebent</span> <span class='ocrx_word' id='word_1_268' title='bbox 180 3273 188 3306; x_wconf 84' lang='lat'>:</span> <span class='ocrx_word' id='word_1_269' title='bbox 200 3262 227 3308; x_wconf 91' lang='lat' dir='ltr'>in</span> <span class='ocrx_word' id='word_1_270' title='bbox 240 3277 291 3324; x_wconf 88' lang='lat' dir='ltr'>qno</span> <span class='ocrx_word' id='word_1_271' title='bbox 303 3261 381 3308; x_wconf 83' lang='lat' dir='ltr'>nostri</span> <span class='ocrx_word' id='word_1_272' title='bbox 396 3260 458 3307; x_wconf 88' lang='lat' dir='ltr'>nihil</span> <span class='ocrx_word' id='word_1_273' title='bbox 471 3263 574 3311; x_wconf 84' lang='lat' dir='ltr'>variant.</span> <span class='ocrx_word' id='word_1_274' title='bbox 619 3262 724 3308; x_wconf 82' lang='lat' dir='ltr'>Goerenz</span> <span class='ocrx_word' id='word_1_275' title='bbox 738 3259 802 3307; x_wconf 85' lang='lat' dir='ltr'>delet</span> <span class='ocrx_word' id='word_1_276' title='bbox 815 3258 988 3317; x_wconf 65' lang='lat' dir='ltr'>nottestan,</span> <span class='ocrx_word' id='word_1_277' title='bbox 1001 3260 1095 3323; x_wconf 88' lang='lat' dir='ltr'>inquit,</span> <span class='ocrx_word' id='word_1_278' title='bbox 1107 3261 1132 3306; x_wconf 92' lang='lat' dir='ltr'>in</span> 
     </span>
     <span class='ocr_line' id='line_1_32' title="bbox 69 3337 1133 3404; baseline 0.001 -18"><span class='ocrx_word' id='word_1_279' title='bbox 69 3337 194 3400; x_wconf 74' lang='lat' dir='ltr'>Vulgarum</span> <span class='ocrx_word' id='word_1_280' title='bbox 206 3340 388 3389; x_wconf 85' lang='lat' dir='ltr'>incommodam</span> <span class='ocrx_word' id='word_1_281' title='bbox 403 3355 464 3398; x_wconf 89' lang='lat' dir='ltr'>esse,</span> <span class='ocrx_word' id='word_1_282' title='bbox 479 3339 536 3388; x_wconf 87' lang='lat' dir='ltr'>licet</span> <span class='ocrx_word' id='word_1_283' title='bbox 550 3343 576 3389; x_wconf 92' lang='lat' dir='ltr'>in</span> <span class='ocrx_word' id='word_1_284' title='bbox 619 3339 795 3397; x_wconf 82' lang='lat' dir='ltr'>6Davisianis,</span> <span class='ocrx_word' id='word_1_285' title='bbox 812 3338 826 3386; x_wconf 82' lang='lat'><strong><em>5</em></strong></span> <span class='ocrx_word' id='word_1_286' title='bbox 842 3339 1023 3396; x_wconf 83' lang='lat' dir='ltr'>nostris,Vien.</span> <span class='ocrx_word' id='word_1_287' title='bbox 1032 3353 1133 3404; x_wconf 81' lang='lat' dir='ltr'>quoquc</span> 
     </span>
     <span class='ocr_line' id='line_1_33' title="bbox 68 3417 1132 3488; baseline 0.005 -27"><span class='ocrx_word' id='word_1_288' title='bbox 68 3417 153 3466; x_wconf 81' lang='lat' dir='ltr'>ealirn.</span> <span class='ocrx_word' id='word_1_289' title='bbox 165 3418 228 3466; x_wconf 88' lang='lat' dir='ltr'>nibil</span> <span class='ocrx_word' id='word_1_290' title='bbox 240 3417 351 3479; x_wconf 83' lang='lat' dir='ltr'>haeserit,</span> <span class='ocrx_word' id='word_1_291' title='bbox 364 3419 576 3484; x_wconf 84' lang='lat' dir='ltr'>dubitarinequit.</span> <span class='ocrx_word' id='word_1_292' title='bbox 618 3431 643 3468; x_wconf 89' lang='lat' dir='ltr'>et</span> <span class='ocrx_word' id='word_1_293' title='bbox 658 3422 683 3488; x_wconf 86' lang='grc' dir='ltr'>ψ.</span> <span class='ocrx_word' id='word_1_294' title='bbox 702 3419 770 3467; x_wconf 81' lang='lat' dir='ltr'>abest</span> <span class='ocrx_word' id='word_1_295' title='bbox 787 3417 852 3466; x_wconf 87' lang='lat' dir='ltr'>idem</span> <span class='ocrx_word' id='word_1_296' title='bbox 867 3420 938 3466; x_wconf 81' lang='lat' dir='ltr'>etism</span> <span class='ocrx_word' id='word_1_297' title='bbox 956 3419 983 3465; x_wconf 90' lang='lat' dir='ltr'>in</span> <span class='ocrx_word' id='word_1_298' title='bbox 998 3418 1054 3466; x_wconf 90' lang='lat' dir='ltr'>edd.</span> <span class='ocrx_word' id='word_1_299' title='bbox 1073 3429 1132 3466; x_wconf 85' lang='lat' dir='ltr'>vett.</span> 
     </span>
     <span class='ocr_line' id='line_1_34' title="bbox 68 3497 1134 3566; baseline 0.005 -23"><span class='ocrx_word' id='word_1_300' title='bbox 68 3517 97 3529; x_wconf 91' lang='grc'><strong>-</strong></span> <span class='ocrx_word' id='word_1_301' title='bbox 108 3497 204 3544; x_wconf 86' lang='lat' dir='ltr'>Deinde</span> <span class='ocrx_word' id='word_1_302' title='bbox 222 3513 291 3546; x_wconf 79' lang='lat' dir='ltr'>snam</span> <span class='ocrx_word' id='word_1_303' title='bbox 304 3499 483 3548; x_wconf 84' lang='lat' dir='ltr'>correctionem</span> <span class='ocrx_word' id='word_1_304' title='bbox 494 3511 577 3548; x_wconf 86' lang='lat' dir='ltr'>tuetur</span> <span class='ocrx_word' id='word_1_305' title='bbox 618 3501 739 3566; x_wconf 86' lang='lat' dir='ltr'>pluribus.</span> <span class='ocrx_word' id='word_1_306' title='bbox 757 3499 856 3563; x_wconf 81' lang='lat' dir='ltr'>Accipit</span> <span class='ocrx_word' id='word_1_307' title='bbox 873 3498 970 3562; x_wconf 85' lang='lat' dir='ltr'>quidem</span> <span class='ocrx_word' id='word_1_308' title='bbox 990 3515 1022 3546; x_wconf 84' lang='lat' dir='ltr'>ex</span> <span class='ocrx_word' id='word_1_309' title='bbox 1040 3500 1134 3550; x_wconf 82' lang='lat' dir='ltr'>omisso</span> 
     </span>
     <span class='ocr_line' id='line_1_35' title="bbox 68 3571 1132 3644; baseline 0.005 -24"><span class='ocrx_word' id='word_1_310' title='bbox 68 3571 575 3641; x_wconf 80' lang='lat' dir='ltr'>Goer.eunteoedeutibnsetseqnentibns.</span> <span class='ocrx_word' id='word_1_311' title='bbox 618 3581 674 3644; x_wconf 78' lang='lat' dir='ltr'>regi</span> <span class='ocrx_word' id='word_1_312' title='bbox 690 3579 751 3643; x_wconf 90' lang='lat' dir='ltr'>quid</span> <span class='ocrx_word' id='word_1_313' title='bbox 765 3577 896 3635; x_wconf 80' lang='lat' dir='ltr'>sententia,</span> <span class='ocrx_word' id='word_1_314' title='bbox 918 3577 985 3642; x_wconf 83' lang='lat' dir='ltr'>qnod</span> <span class='ocrx_word' id='word_1_315' title='bbox 1003 3589 1085 3626; x_wconf 86' lang='lat' dir='ltr'>tamen</span> <span class='ocrx_word' id='word_1_316' title='bbox 1101 3591 1132 3625; x_wconf 76' lang='lat' dir='ltr'>ex</span> 
     </span>
     <span class='ocr_line' id='line_1_36' title="bbox 68 3650 1133 3724; baseline 0.004 -24"><span class='ocrx_word' id='word_1_317' title='bbox 68 3650 154 3710; x_wconf 75' lang='lat' dir='ltr'>liuhis,</span> <span class='ocrx_word' id='word_1_318' title='bbox 164 3654 261 3720; x_wconf 88' lang='lat' dir='ltr'>inquit,</span> <span class='ocrx_word' id='word_1_319' title='bbox 271 3657 344 3705; x_wconf 82' lang='lat' dir='ltr'>latins</span> <span class='ocrx_word' id='word_1_320' title='bbox 353 3657 483 3722; x_wconf 79' lang='lat' dir='ltr'>expositis,</span> <span class='ocrx_word' id='word_1_321' title='bbox 494 3669 576 3724; x_wconf 84' lang='lat' dir='ltr'>patere</span> <span class='ocrx_word' id='word_1_322' title='bbox 619 3661 736 3709; x_wconf 86' lang='lat' dir='ltr'>con&#39;textu</span> <span class='ocrx_word' id='word_1_323' title='bbox 754 3659 825 3706; x_wconf 78' lang='lat' dir='ltr'>facile</span> <span class='ocrx_word' id='word_1_324' title='bbox 839 3658 944 3706; x_wconf 88' lang='lat' dir='ltr'>tollitur.</span> <span class='ocrx_word' id='word_1_325' title='bbox 964 3658 1044 3706; x_wconf 81' lang='lat' dir='ltr'>Possis</span> <span class='ocrx_word' id='word_1_326' title='bbox 1059 3658 1133 3706; x_wconf 86' lang='lat' dir='ltr'>etiem</span> 
     </span>
     <span class='ocr_line' id='line_1_37' title="bbox 68 3731 1131 3803; baseline 0.007 -28"><span class='ocrx_word' id='word_1_327' title='bbox 68 3731 577 3802; x_wconf 79' lang='lat' dir='ltr'>ridetur,esseprimoutpotuerintlegen·</span> <span class='ocrx_word' id='word_1_328' title='bbox 619 3751 720 3803; x_wconf 83' lang='lat' dir='ltr'>putare,</span> <span class='ocrx_word' id='word_1_329' title='bbox 739 3754 753 3784; x_wconf 81' lang='lat' dir='ltr'>a</span> <span class='ocrx_word' id='word_1_330' title='bbox 770 3737 856 3784; x_wconf 86' lang='lat' dir='ltr'>scribis</span> <span class='ocrx_word' id='word_1_331' title='bbox 876 3753 928 3785; x_wconf 88' lang='lat' dir='ltr'>nou</span> <span class='ocrx_word' id='word_1_332' title='bbox 947 3737 1033 3800; x_wconf 77' lang='lat' dir='ltr'>nobis,</span> <span class='ocrx_word' id='word_1_333' title='bbox 1054 3737 1097 3785; x_wconf 85' lang='lat' dir='ltr'>sed</span> <span class='ocrx_word' id='word_1_334' title='bbox 1114 3753 1131 3782; x_wconf 83' lang='lat' dir='ltr'>a</span> 
     </span>
     <span class='ocr_line' id='line_1_38' title="bbox 69 3807 1132 3882; baseline 0.001 -21"><span class='ocrx_word' id='word_1_335' title='bbox 69 3807 137 3870; x_wconf 66' lang='lat' dir='ltr'>lum</span> <span class='ocrx_word' id='word_1_336' title='bbox 156 3831 215 3862; x_wconf 88' lang='lat' dir='ltr'>narn</span> <span class='ocrx_word' id='word_1_337' title='bbox 235 3829 277 3875; x_wconf 86' lang='lat' dir='ltr'>nt,</span> <span class='ocrx_word' id='word_1_338' title='bbox 299 3833 346 3882; x_wconf 88' lang='lat' dir='ltr'>pro</span> <span class='ocrx_word' id='word_1_339' title='bbox 367 3827 436 3878; x_wconf 84' lang='lat' dir='ltr'>ntur,</span> <span class='ocrx_word' id='word_1_340' title='bbox 457 3823 577 3882; x_wconf 85' lang='lat' dir='ltr'>nusquam</span> <span class='ocrx_word' id='word_1_341' title='bbox 620 3817 689 3866; x_wconf 83' lang='lat' dir='ltr'>nobis</span> <span class='ocrx_word' id='word_1_342' title='bbox 707 3815 828 3881; x_wconf 80' lang='lat' dir='ltr'>proficisci</span> <span class='ocrx_word' id='word_1_343' title='bbox 847 3817 972 3881; x_wconf 85' lang='lat' dir='ltr'>potuisse:</span> <span class='ocrx_word' id='word_1_344' title='bbox 992 3817 1034 3864; x_wconf 83' lang='lat' dir='ltr'>sed</span> <span class='ocrx_word' id='word_1_345' title='bbox 1050 3814 1132 3880; x_wconf 88' lang='lat' dir='ltr'>potnit</span> 
     </span>
     <span class='ocr_line' id='line_1_39' title="bbox 68 3894 1133 3962; baseline -0.001 -21"><span class='ocrx_word' id='word_1_346' title='bbox 68 3901 138 3951; x_wconf 76' lang='lat' dir='ltr'>reete,</span> <span class='ocrx_word' id='word_1_347' title='bbox 151 3894 200 3941; x_wconf 88' lang='lat' dir='ltr'>nisi</span> <span class='ocrx_word' id='word_1_348' title='bbox 212 3911 269 3943; x_wconf 88' lang='lat' dir='ltr'>cum</span> <span class='ocrx_word' id='word_1_349' title='bbox 283 3896 439 3957; x_wconf 81' lang='lat' dir='ltr'>subjunctivo</span> <span class='ocrx_word' id='word_1_350' title='bbox 450 3899 575 3956; x_wconf 85' lang='lat' dir='ltr'>construi,</span> <span class='ocrx_word' id='word_1_351' title='bbox 618 3913 692 3962; x_wconf 88' lang='lat' dir='ltr'>pron.</span> <span class='ocrx_word' id='word_1_352' title='bbox 704 3897 735 3944; x_wconf 84' lang='lat' dir='ltr'>ab</span> <span class='ocrx_word' id='word_1_353' title='bbox 748 3896 820 3946; x_wconf 78' lang='lat' dir='ltr'>doctu</span> <span class='ocrx_word' id='word_1_354' title='bbox 831 3897 912 3962; x_wconf 83' lang='lat' dir='ltr'>aliqua</span> <span class='ocrx_word' id='word_1_355' title='bbox 921 3912 1053 3944; x_wconf 85' lang='lat' dir='ltr'>manuesse</span> <span class='ocrx_word' id='word_1_356' title='bbox 1063 3894 1133 3941; x_wconf 86' lang='lat' dir='ltr'>addi·</span> 
     </span>
     <span class='ocr_line' id='line_1_40' title="bbox 69 3972 1132 4042; baseline 0 -24"><span class='ocrx_word' id='word_1_357' title='bbox 69 3973 221 4022; x_wconf 70' lang='lat' dir='ltr'>terdecimum</span> <span class='ocrx_word' id='word_1_358' title='bbox 232 3988 270 4024; x_wconf 89' lang='lat' dir='ltr'>est</span> <span class='ocrx_word' id='word_1_359' title='bbox 285 3975 353 4042; x_wconf 85' lang='lat' dir='ltr'>(ride</span> <span class='ocrx_word' id='word_1_360' title='bbox 364 3977 451 4026; x_wconf 83' lang='lat' dir='ltr'>nosad</span> <span class='ocrx_word' id='word_1_361' title='bbox 463 3979 535 4042; x_wconf 81' lang='lat' dir='ltr'>legg.</span> <span class='ocrx_word' id='word_1_362' title='bbox 550 3981 574 4036; x_wconf 90' lang='lat'>1,</span> <span class='ocrx_word' id='word_1_363' title='bbox 620 3986 681 4026; x_wconf 89' lang='lat' dir='ltr'>turn.</span> <span class='ocrx_word' id='word_1_364' title='bbox 702 3977 784 4036; x_wconf 79' lang='lat' dir='ltr'>Nam,</span> <span class='ocrx_word' id='word_1_365' title='bbox 804 3993 834 4024; x_wconf 85' lang='lat' dir='ltr'>eo</span> <span class='ocrx_word' id='word_1_366' title='bbox 847 3988 954 4036; x_wconf 84' lang='lat' dir='ltr'>retento,</span> <span class='ocrx_word' id='word_1_367' title='bbox 972 3977 1053 4024; x_wconf 90' lang='lat' dir='ltr'>nescio</span> <span class='ocrx_word' id='word_1_368' title='bbox 1071 3972 1132 4036; x_wconf 89' lang='lat' dir='ltr'>qnid</span> 
     </span>
     <span class='ocr_line' id='line_1_41' title="bbox 72 4051 1132 4120; baseline -0.006 -16"><span class='ocrx_word' id='word_1_369' title='bbox 72 4051 263 4112; x_wconf 48' lang='lat' dir='ltr'>minimatum</span> <span class='ocrx_word' id='word_1_370' title='bbox 272 4066 380 4102; x_wconf 85' lang='lat' dir='ltr'>autante</span> <span class='ocrx_word' id='word_1_371' title='bbox 390 4067 418 4103; x_wconf 89' lang='lat' dir='ltr'>ut</span> <span class='ocrx_word' id='word_1_372' title='bbox 425 4056 576 4116; x_wconf 81' lang='lat' dir='ltr'>addendum3</span> <span class='ocrx_word' id='word_1_373' title='bbox 620 4056 715 4104; x_wconf 90' lang='lat' dir='ltr'>lentnrn</span> <span class='ocrx_word' id='word_1_374' title='bbox 732 4066 757 4104; x_wconf 89' lang='lat' dir='ltr'>et</span> <span class='ocrx_word' id='word_1_375' title='bbox 773 4055 835 4103; x_wconf 88' lang='lat' dir='ltr'>male</span> <span class='ocrx_word' id='word_1_376' title='bbox 856 4055 979 4120; x_wconf 84' lang='lat' dir='ltr'>profluens</span> <span class='ocrx_word' id='word_1_377' title='bbox 999 4055 1060 4100; x_wconf 81' lang='lat' dir='ltr'>loco¹</span> <span class='ocrx_word' id='word_1_378' title='bbox 1073 4051 1132 4099; x_wconf 88' lang='lat' dir='ltr'>snb·</span> 
     </span>
     <span class='ocr_line' id='line_1_42' title="bbox 71 4124 1134 4207; baseline -0.002 -27"><span class='ocrx_word' id='word_1_379' title='bbox 71 4124 153 4207; x_wconf 59' lang='lat' dir='ltr'>qsslppe</span> <span class='ocrx_word' id='word_1_380' title='bbox 177 4147 233 4194; x_wconf 79' lang='lat' dir='ltr'>quse</span> <span class='ocrx_word' id='word_1_381' title='bbox 252 4133 373 4198; x_wconf 85' lang='lat' dir='ltr'>particula</span> <span class='ocrx_word' id='word_1_382' title='bbox 392 4136 420 4182; x_wconf 85' lang='lat' dir='ltr'>iu</span> <span class='ocrx_word' id='word_1_383' title='bbox 436 4134 578 4195; x_wconf 84' lang='lat' dir='ltr'>hujusmodi</span> <span class='ocrx_word' id='word_1_384' title='bbox 622 4137 737 4184; x_wconf 78' lang='lat' dir='ltr'>nascitur.</span> <span class='ocrx_word' id='word_1_385' title='bbox 751 4135 871 4195; x_wconf 77' lang='lat' dir='ltr'>Accedit,</span> <span class='ocrx_word' id='word_1_386' title='bbox 892 4135 960 4200; x_wconf 87' lang='lat' dir='ltr'>quod</span> <span class='ocrx_word' id='word_1_387' title='bbox 978 4143 1064 4182; x_wconf 82' lang='lat' dir='ltr'>auctor</span> <span class='ocrx_word' id='word_1_388' title='bbox 1077 4145 1134 4178; x_wconf 84' lang='lat' dir='ltr'>voc.</span> 
     </span>
    </p>
   </div>
   <div class='ocr_carea' id='block_1_4' title="bbox 133 4215 1016 4298">
    <p class='ocr_par' dir='ltr' id='par_1_5' title="bbox 133 4215 1016 4298">
     <span class='ocr_line' id='line_1_43' title="bbox 133 4215 1016 4298; baseline 0.009 -16"><span class='ocrx_word' id='word_1_389' title='bbox 133 4215 163 4287; x_wconf 83' lang='grc' dir='ltr'>Ῑ,</span> <span class='ocrx_word' id='word_1_390' title='bbox 182 4237 227 4282; x_wconf 70' lang='grc' dir='ltr'>δίε.</span> <span class='ocrx_word' id='word_1_391' title='bbox 237 4253 292 4298; x_wconf 79' lang='lat' dir='ltr'>pars</span> <span class='ocrx_word' id='word_1_392' title='bbox 309 4238 382 4282; x_wconf 78' lang='lat' dir='ltr'>tertia.</span> <span class='ocrx_word' id='word_1_393' title='bbox 976 4219 1016 4290; x_wconf 79' lang='grc'>16</span> 
     </span>
    </p>
   </div>
   <div class='ocr_carea' id='block_1_5' title="bbox 0 0 1386 4688">
    <p class='ocr_par' dir='ltr' id='par_1_6' title="bbox 0 0 1386 4688">
     <span class='ocr_line' id='line_1_44' title="bbox 0 0 1386 4688; baseline 0 0"><span class='ocrx_word' id='word_1_394' title='bbox 0 0 1386 4688; x_wconf 95' lang='lat' dir='ltr'> </span> 
     </span>
    </p>
   </div>
  </div>
 </body>
</html>
