2762 4682
297 373 335 441 r.
362 372 605 444 vasantam
629 365 909 446 tenuemus.
1089 397 1135 476 79

68 517 160 582 quam
184 493 318 558 Philoni
343 512 400 560 aut
420 493 610 561 Metrodoro
633 495 789 578 credens,
810 497 875 562 hoc
892 499 1002 588 magis
1016 499 1057 566 ab
1078 499 1134 568 iilo

69 600 265 690 disputatum
280 621 378 688 quam
387 603 560 690 probatum
574 619 667 692 puto.
682 604 763 685 Quas
775 603 864 666 enim
878 604 1049 670 necessitas
1064 607 1137 672 ade·

68 705 111 795 git
124 704 345 788 etmenden,
359 724 413 787 ut,
423 730 524 794 quum
539 709 731 790 liceret,aut
750 709 998 794 assentientem,
1014 727 1071 776 aut
1083 735 1134 778 re·

69 829 153 876 tento
167 833 322 896 assensu,
339 813 498 900 probabili
512 814 579 897 uti,
601 815 747 880 assentiri
773 817 989 905 impercepto,
1012 817 1047 881 id
1066 834 1135 902 est,

68 919 208 1006 opinari,
225 921 337 1008 potius
359 919 483 986 veliet?
505 924 548 987 At
570 921 615 1005 is,
640 921 696 1009 qui
720 943 902 1010 numquam
924 923 1050 1010 opinari
1074 923 1135 989 sihi

67 1025 290 1112 proposuerit,
302 1045 367 1113 qua
382 1025 485 1116 possit
498 1025 622 1090 meliori
634 1026 803 1108 cautione,
817 1049 914 1116 quam
928 1027 1052 1115 epoche
1065 1030 1134 1112 uti,

67 1129 149 1192 nulla
167 1147 228 1194 est.
255 1131 386 1196 ‹Nobis
409 1131 479 1219 (ait
498 1133 611 1216 Cicero
629 1130 695 1221 (r))
721 1131 864 1221 primum
886 1133 983 1197 etiam
1007 1133 1035 1197 si
1054 1134 1133 1222 quid
1160 1163 1163 1168 ·

68 1236 184 1324 percipi
206 1237 326 1325 possit,
348 1253 455 1301 tamen
476 1239 545 1326 ipsa
560 1237 765 1303 consuetudo
785 1236 981 1302 assentiendi
1004 1240 1132 1328 pericu·

67 1341 128 1404 losa
142 1359 217 1406 esse
238 1337 367 1407 videtur
384 1358 417 1407 et
441 1343 563 1408 lubrica
574 1373 596 1409 a.
614 1344 659 1407 Ut
676 1361 785 1408 autern
805 1345 854 1425 ei,
872 1344 928 1432 qui
947 1366 966 1407 a
990 1346 1133 1432 perjurio

69 1461 150 1512 tutus
166 1471 240 1514 esse
254 1450 381 1538 cupiat,
399 1471 459 1514 nec
473 1452 581 1537 jurare
594 1450 731 1514 omnino
747 1450 868 1539 optima
883 1449 991 1515 cautio
1006 1467 1071 1532 est3
1088 1452 1134 1518 sic

69 1554 118 1643 qui
139 1555 345 1644 impercepto
369 1541 515 1621 adsentiri
532 1551 629 1638 nolit,
653 1556 734 1620 nulii
760 1557 907 1620 assentiri
933 1555 1133 1622 tutissimum

68 1661 167 1725 fuerit.
201 1659 319 1744 Quid?
343 1662 434 1750 quod
461 1683 522 1727 nec
539 1663 725 1742 Stoicorum
747 1663 853 1752 jurgia
884 1663 1050 1750 effugerit,
1076 1665 1133 1751 qui

69 1789 164 1854 quum
176 1767 260 1833 nihil
269 1768 393 1858 percipi
408 1789 502 1858 posse
517 1769 682 1851 statuerit,
697 1769 844 1857 epochen
862 1768 1008 1860 deserat:
1024 1771 1133 1858 potius

69 1875 146 1938 eni·
165 1875 270 1939 Stoici
285 1875 461 1964 Epochen‚
480 1894 578 1964 quam
597 1876 722 1964 opinari
739 1875 883 1963 Sapienti
902 1877 1132 1942 concesserint.

68 1979 286 2066 ‹Opinatione
301 2001 378 2044 vero
397 1995 430 2043 et
452 1981 662 2069 perceptione
678 1979 803 2044 sublata
820 1979 952 2068 (inquit
969 1980 1055 2045 idem
1079 1982 1134 2046 Ci-

69 2105 136 2148 cero
153 2083 225 2174 (2))
243 2085 392 2174 sequitur
415 2085 564 2164 omnium
593 2087 817 2150 assensionum
845 2087 984 2152 retentio
1012 2111 1020 2154 :
1048 2103 1087 2152 ut
1105 2089 1131 2153 si

69 2189 245 2272 ostendero,
258 2190 341 2254 nihil
357 2208 451 2278 posse
467 2190 607 2278 percipi,
628 2207 665 2254 tu
689 2189 840 2278 [Stoice]
860 2191 1017 2256 concedas
1033 2216 1132 2258 num·

70 2321 159 2385 quam
173 2321 385 2363 assensurum
398 2319 496 2364 esse».
510 2296 651 2362 Galenus
663 2297 709 2385 (3)
725 2321 732 2362 :
746 2329 759 2355 ι
773 2289 935 2386 Equidem
950 2300 1131 2365 secundum

72 2403 271 2468 Academicos
287 2418 318 2468 et
331 2403 546 2492 Pyrrhoni0s‚
564 2403 619 2491 qui
638 2402 679 2467 de
694 2405 733 2467 iis
749 2403 790 2468 de
806 2404 925 2493 quibus
939 2406 1129 2494 quoerimus,

70 2508 395 2592 demonstrationem,
417 2532 489 2597 quae
508 2510 674 2574 scientiam
693 2509 827 2592 efficiat,
852 2511 970 2576 habere
987 2535 1046 2576 nos
1062 2535 1129 2577 non

70 2615 266 2698 concedunt,
280 2616 482 2680 assensiones
501 2615 658 2680 universae
678 2617 854 2680 temerariae
872 2633 950 2680 sunt
969 2633 1002 2681 et
1020 2619 1133 2704 praeci·

70 2704 189 2808 pitres».¹
209 2722 297 2787 Illud
326 2742 405 2787 vero
429 2720 709 2787 animadversione
726 2722 878 2810 dignum,
904 2722 995 2810 quod
1020 2723 1133 2787 Cicero

71 2828 213 2914 adnotat,
233 2853 338 2919 quum
352 2831 496 2919 opinatio
507 2828 723 2913 interdicitur,
740 2852 806 2894 non
818 2829 869 2894 aiii
882 2853 980 2918 quam
992 2827 1134 2917 Sapienti

71 2935 267 3001 interdictam
285 2951 400 3026 putare
414 2951 566 3024 oportere
581 2957 589 3000 :
604 2935 776 3023 «Namque
791 2958 858 2999 non
874 2933 997 3011 deme,
1025 2936 1069 2998 ait
1082 2935 1129 3023 (4)
1212 2963 1218 2975 ·

74 3039 125 3124 [id
139 3057 203 3124 est,
226 3043 268 3108 de
285 3043 410 3132 vulgari
422 3041 596 3106 hominum
616 3040 830 3130 conditione]
846 3036 904 3104 sed
922 3040 962 3105 de
981 3041 1131 3128 Sapiente

73 3150 241 3233 quaeritur:
257 3150 324 3214 visa
341 3151 428 3214 enim
444 3150 525 3230 ista,
542 3169 645 3237 quum
664 3145 778 3212 acriter
796 3163 939 3211 mentem
958 3167 1131 3212 sensumve

73 3259 277 3343 pepulerunt,
294 3256 436 3345 accipio,
451 3257 568 3344 hisque
584 3254 748 3319 interdum
766 3254 862 3317 etiam
879 3251 1052 3335 assentior,
1070 3275 1131 3317 nec

74 3362 208 3450 percipio
223 3381 331 3428 tamen
351 3394 375 3428 ν.
391 3363 454 3427 Sed
472 3363 551 3444 hoc,
566 3379 604 3425 ut
615 3361 694 3424 mihi
712 3358 843 3450 quidem
855 3357 1001 3440 ridetur,
1015 3358 1133 3424 ceden-

74 3467 107 3528 tis
120 3485 190 3532 est:
210 3473 250 3533 ut
267 3469 410 3532 animab
428 3491 466 3533 eo
485 3470 541 3556 qui
556 3469 682 3556 sapiens
699 3489 766 3531 non
788 3467 845 3548 sit,
859 3463 1006 3554 proficiat
1024 3481 1130 3529 tumen

13 3597 35 3666 j·
60 3567 109 3635 'ad
131 3577 299 3660 virtutem,
315 3576 416 3640 Stoici
432 3597 536 3664 quum
562 3583 761 3656 aesopianam,
780 3572 813 3636 id
840 3589 909 3654 est,
929 3571 1132 3660 rectefacta,

103 3761 142 3826 (ι)
154 3767 183 3814 ln
193 3764 310 3824 Luorriio,
324 3779 378 3828 cap.
389 3779 432 3812 ar.

13 3899 14 3908 ,
105 3849 181 3917 (2)1n
193 3851 307 3914 lucullo,
321 3868 377 3916 cap.
390 3852 432 3900 25.

103 3935 190 4004 (3)'De
208 3941 350 4006 &potione
367 3941 484 3988 vitiorum
498 3954 552 4004 qma
574 3935 599 3986 in
619 3939 701 3985 animo
718 3936 839 4000 cuiusque
855 3945 925 3995 sunt,
941 3948 996 4000 pag.
1009 3932 1073 3988 538,
1085 3946 1097 3978 a
1108 3941 1132 3978 et

13 4083 14 4100 ,
76 4026 102 4084 b,
115 4039 172 4078 tom.
181 4031 225 4079 vt.

13 4133 15 4250 (
108 4114 144 4177 (4)
156 4119 184 4164 In
195 4115 311 4178 Lumilo,
323 4131 378 4180 cap.
388 4131 430 4164 nc.
