2762 4682
314 379 637 466 Antoninon,
660 381 838 468 neser,
862 378 895 452 5.
1069 383 1136 471 143

86 499 336 574 dividebantur.
355 507 498 574 Natnrae
514 503 734 576 celeritatem
749 501 794 574 ad
811 502 1024 577 discendum
1036 505 1080 595 ¹⁶,
1100 523 1137 580 et
1201 513 1206 518 ’

83 615 282 684 memoriam
310 612 464 704 dabant3
491 639 649 713 quornm
671 630 868 711 utrumque
894 619 1023 688 mentis
1045 633 1137 690 esset

83 725 281 821 proprium,
303 738 340 794 et
355 725 499 821 ingenii.
520 730 666 798 Morum
689 741 811 797 autem
828 725 1005 824 putabant
1019 727 1137 800 studia

83 857 170 919 esse,
187 845 224 903 et
246 835 350 930 quasi
372 835 737 907 consuetudinem¹⁷t
757 860 867 933 quam
891 841 1021 934 partim
1038 863 1136 910 exer·

82 943 253 1014 citationis
281 943 509 1032 assiduitate,
540 947 671 1043 partim
698 948 840 1018 ratione
853 939 884 990 ¹⁸
913 944 1137 1035 formabant,

81 1055 114 1122 in
136 1051 268 1149 quibus
290 1068 367 1125 erat
388 1053 660 1155 philosophia¹9
682 1062 780 1156 ipsa,
804 1059 842 1128 in
867 1082 939 1155 qua
962 1057 1064 1154 quod
1084 1060 1138 1130 in·

82 1161 246 1234 choatum
271 1177 344 1252 est,
383 1189 504 1264 neque
529 1165 792 1254 absolutum²⁰,
815 1169 1019 1265 progressio
1044 1193 1139 1265 quae·

82 1271 157 1344 dem
174 1273 220 1345 ad
240 1277 412 1346 virtutem
430 1277 649 1375 appellatur,
663 1275 764 1375 qnod
778 1291 900 1350 autem
914 1275 1137 1367 absolutum,

83 1383 185 1455 idest
206 1385 339 1475 virtus,
365 1388 469 1483 quasi
492 1386 667 1485 perfectio
688 1399 878 1476 naturae²¹,
901 1390 1139 1487 omniumque

82 1517 216 1584 rerum,
234 1521 324 1594 quas
342 1497 377 1568 in
396 1499 523 1570 animis
538 1513 702 1598 ponunt,
724 1523 798 1570 una
811 1523 867 1570 res
882 1501 1030 1596 optima.
1046 1503 1140 1598 Ergo

114 1735 322 1784 resederimus
333 1739 370 1786 ad
381 1737 522 1787 discendum
530 1772 539 1796 ,
554 1755 586 1787 ex
630 1737 694 1785 enim
708 1751 772 1800 sepe
789 1749 881 1784 nomen
894 1735 1058 1799 philosophie
1073 1751 1142 1786 mur·

82 1827 155 1874 greco
168 1811 305 1880 cipridem,
320 1815 392 1866 dixit.
405 1817 437 1866 G.
629 1828 710 1882 pstnr.
735 1817 822 1865 Turis.

113 1907 155 1952 ¹7·
166 1896 264 1942 Mortem
277 1907 358 1943 auum
370 1897 494 1961 precedant
503 1895 585 1946 studia
666 1914 706 1946 no.
720 1895 865 1946 Incdoaotm
881 1907 929 1954 est,
950 1911 1029 1960 neque
1044 1895 1141 1946 absolu·

82 1987 141 2030 esse,
161 1984 185 2020 et
205 1975 280 2038 qussi
294 1977 499 2029 consuetudinem.
520 1981 584 2026 Vere
628 1989 687 2026 tum.
697 1979 727 2024 In
739 1976 852 2042 pluribus
870 1976 969 2040 quidem
981 1974 1055 2024 codd.
1068 1976 1140 2024 abso·

82 2049 125 2098 ioci
136 2055 255 2102 sententis
266 2056 321 2102 intr.
330 2057 457 2120 praetcriit.
467 2059 584 2122 Respexit
628 2057 703 2106 bitum
719 2055 883 2114 desideratur,
905 2064 931 2100 ut
945 2054 971 2101 in
984 2051 1080 2102 dnobus
1098 2058 1141 2103 Ps-

82 2131 138 2178 enim
147 2133 201 2181 Cio.
209 2133 242 2180 sd
251 2149 383 2197 gastrum
393 2151 482 2198 vocum
496 2135 545 2192 teos
558 2149 583 2186 et
626 2136 681 2186 lstt.
696 2138 750 2184 Bas.
763 2137 845 2182 Oxon.
862 2135 890 2181 E.
906 2133 1007 2197 aliisque
1018 2146 1025 2181 τ
1038 2134 1064 2182 in
1080 2149 1139 2182 non

81 2202 125 2266 dio<
137 2211 267 2260 discrimen
279 2213 371 2277 pariter
383 2223 455 2278 etque
468 2216 581 2264 similitu·
627 2215 701 2264 nuliis
720 2217 774 2278 ejus
795 2215 853 2262 loco
870 2210 1007 2277 perfectum
1029 2211 1136 2276 legitur,

81 2288 163 2338 dinem.
171 2291 237 2339 Vide
246 2292 310 2341 stuc
318 2290 375 2360 eropi
388 2289 486 2344 παίδων
501 2295 581 2364 ἀγωγ.
627 2307 702 2360 prout
711 2299 738 2344 in'
745 2305 818 2343 vetus
823 2294 895 2342 editis
904 2293 1002 2357 legitor,
1012 2303 1036 2342 st
1045 2297 1074 2343 P.
1085 2297 1140 2343 Me·

14 2387 15 2390 ¹
82 2383 105 2430 p.
122 2369 148 2418 ³.
165 2385 188 2416 s.
206 2370 267 2435 xyl.
294 2367 377 2428 ἠθικὰς
396 2369 482 2440 ἀρετὰς
500 2369 529 2421 ἄν
549 2391 583 2431 τις
628 2365 1041 2439 nut.stqneLsmb.dedernnt.1n
1056 2373 1140 2438 paucis

81 2445 150 2514 λέγῃ,
171 2449 214 2500 cis
238 2449 265 2499 es
282 2467 306 2498 rt
319 2443 464 2519 ’πλημμιλιῖν
485 2447 582 2510 δόξειεν.
627 2454 748 2518 deniqne,
760 2454 786 2501 in
799 2451 888 2517 qnibns
904 2463 940 2500 est
957 2451 1045 2501 Dresd.
1061 2469 1141 2518 neque

82 2527 276 2588 Quodfssrillime
290 2531 397 2594 patebit,
413 2533 583 2596 sigrsecever·
628 2534 698 2582 etism
719 2532 794 2582 ebest.
813 2531 861 2580 Sed
879 2531 945 2578 salvs
959 2547 997 2579 res
1015 2543 1060 2580 est.
1076 2532 1139 2580 Nam

82 2608 146 2667 teris,
160 2606 221 2660 sitos
237 2603 268 2656 di
287 2607 388 2676 ἐνόμιζον
402 2607 585 2680 ὶπιτηδιύματα
626 2613 708 2678 primo
724 2611 812 2675 stepins
825 2610 1047 2669 suctorsimiliter,
1066 2609 1140 2658 0ch

83 2677 148 2750 siser,
162 2683 205 2736 sei
218 2688 275 2738 dost
267 2687 347 2746 [θος.
361 2690 422 2739 Inde
435 2695 507 2741 etism
520 2703 597 2758 pert.
627 2694 665 2740 111
670 2707 713 2753 ,7
723 2692 749 2739 3.
760 2689 855 2738 Deinde
861 2705 1000 2754 progressro
1010 2689 1051 2737 riis
1061 2687 1140 2755 (Groe

83 2783 144 2830 quase
141 2767 312 2832 ¹intelligetur,
321 2770 415 2832 qnoeh.
431 2771 448 2817 1.
462 2771 585 2820 rimem-
629 2771 664 2820 cis
684 2768 811 2836 reposcet-i)
831 2770 915 2818 loomn
931 2768 1051 2830 habebnt,
1068 2768 1141 2816 sivcl

83 2845 130 2894 dem
156 2863 212 2895 cnm
226 2845 288 2911 fers
310 2848 391 2897 habet.
414 2838 471 2906 dice
492 2861 584 2910 sutem,
628 2865 714 2915 parom
728 2849 877 2897 exabsoluco
890 2848 996 2896 deesset:
1009 2804 1104 2896 illdd'
1084 2863 1143 2895 srm-

83 2925 142 2987 quod
155 2927 232 2991 vulgo
246 2927 331 2976 eedem
343 2943 400 2976 com
413 2923 464 2986 dds:
478 2939 585 2995 poteste-
628 2929 688 2993 plex
709 2926 848 2976 inchoatum
871 2928 906 2974 rei
929 2926 1071 2974 sententiam
1090 2941 1142 2974 non

84 3015 117 3062 te,
139 3007 180 3054 ssd
210 3005 289 3065 tabo,
315 3007 452 3072 accipitur,
486 3009 586 3074 propris
629 3009 701 3076 piene
713 3008 802 3058 reddit.
814 3008 927 3071 Denique
940 3005 1005 3054 nude
1015 3007 1141 3068 conjunct.

84 3086 275 3134 :cumdium
287 3096 372 3144 notet,
392 3097 419 3134 nt
431 3087 471 3135 vel
482 3103 513 3135 ex
524 3087 586 3137 locis
629 3103 723 3152 usqne,
739 3102 793 3148 que
806 3087 832 3134 in
843 3084 955 3150 pluribus
967 3084 1063 3148 scriptis
1075 3101 1143 3148 repe-

84 3161 176 3214 isndstis
193 3167 311 3216 cernitur.
327 3167 417 3215 &nens
430 3177 484 3216 est:
503 3168 587 3216 Moses
630 3168 700 3226 titur,
715 3164 817 3212 verbnm
836 3163 955 3211 excidisse
972 3162 1072 3226 prodit,
1091 3180 1143 3228 qno

84 3245 193 3306 putebat
207 3245 293 3294 studio
306 3247 399 3310 pereri,
417 3247 586 3313 stpnnesolo
631 3245 714 3310 elapso
735 3243 802 3291 fliam
828 3243 906 3307 ipsam
937 3241 1048 3289 omissam
1075 3254 1142 3307 pots.

83 3325 253 3374 msdsoesci.
266 3323 318 3373 G.'
631 3321 1143 3389 Psffleetumsotemglossemsrulgstiesse‚

116 3407 153 3454 rs.
166 3403 281 3454 flatione.
291 3405 410 3454 Doctrina
422 3416 448 3454 st
459 3404 586 3470 discipline
631 3420 703 3454 nemo
712 3419 765 3452 non
774 3402 852 3452 videt.
867 3403 899 3451 G.

86 3483 259 3548 (idenimsoepe
271 3485 334 3533 meio
346 3485 586 3552 significet),ntrir·
667 3499 709 3533 21.
729 3479 911 3546 I'irtus,qrrasi
926 3477 1046 3546 perfectio
1067 3495 1142 3532 natu·

86 3563 315 3612 tusmoniisstndio
335 3575 360 3612 et
379 3564 490 3614 doctrine
508 3567 586 3630 paris·
631 3579 673 3612 roe.
688 3561 860 3626 Intempestive
877 3559 960 3608 Lsmb.
979 3571 1004 3610 et
1019 3563 1144 3628 interponi

86 3651 126 3691 tm.
136 3647 170 3693 Es
179 3645 245 3693 enim
257 3645 318 3704 fuit,
330 3655 359 3692 nt
372 3661 403 3693 ex
415 3645 463 3694 hoc
477 3646 534 3695 loco
543 3661 587 3710 sp·
631 3645 724 3693 suadet.
735 3643 783 3692 Sed
792 3642 875 3691 lsudst
886 3649 951 3688 recte
962 3641 989 3688 Ρ.
1005 3641 1080 3690 raher
1093 3644 1142 3691 Ge-

86 3733 161 3786 peret,
182 3725 270 3772 veteris
294 3723 433 3774 Academiae
454 3725 586 3784 sententis,
630 3726 680 3774 len.
691 3727 786 3773 Decret.
795 3725 907 3787 Hippot
920 3720 1022 3770 rosv:
1038 3719 1053 3776 ἡ
1070 3721 1143 3789 ἀρετὴ

87 3814 130 3849 non
149 3813 229 3850 tsmen
246 3802 366 3861 Platonis,
384 3815 414 3852 ut
431 3821 463 3852 ex
480 3806 587 3853 Menonc
631 3797 1145 3865 scicritscierit-iebtdcrcupdesnt.Quari

14 3893 16 3954 ζ
87 3883 184 3946 perspici
208 3891 305 3946 potest,
333 3881 376 3930 nbi
399 3893 481 3932 censet
503 3883 588 3932 divino
633 3899 693 3932 vero
714 3883 795 3940 cddit,
817 3881 884 3945 qnod
904 3881 1004 3944 proprie
1025 3877 1143 3945 perficeris

14 3965 15 3980 ¹
89 3961 190 4021 quodam
217 3977 317 4010 munere
340 3961 482 4053 nominibus
507 3963 589 4012 tribui·
634 3961 793 4010 naturoedici
808 3975 860 4008 non
877 3959 970 4024 possit,
983 3960 1074 4023 qnippe
1088 3975 1144 4021 qnos

14 4015 16 4088 d
88 4038 162 4089 Τπιι.
634 4037 802 4105 sitpetfecta5
808 4039 991 4096 minimsvero,
1005 4035 1144 4085 nthietns

122 4133 162 4180 ¹9·
179 4117 342 4186 Philosophia.
358 4121 398 4170 87.
421 4121 533 4182 monti„
557 4122 591 4170 its
635 4119 701 4179 vnit,
714 4119 905 4168 mediocritatem
918 4115 983 4164 illem
998 4115 1143 4179 respiciens,
