2770 4688
255 362 304 436 66
619 359 950 434 INTRODUCTIO.

256 499 287 549 te
305 481 578 572 comprehendis?
594 483 686 564 Non,
700 484 828 571 inquit,
845 505 906 548 nec
922 483 1009 548 enim
1028 505 1132 572 quum
1149 455 1184 549 in
1198 489 1316 552 somnis

255 589 384 680 vigilare
399 589 478 654 mihi
493 587 615 654 videor.
626 588 759 656 Nihilne
775 611 853 677 ergo
867 589 973 652 visum
991 587 1055 653 hoc
1067 589 1108 654 ah
1122 590 1178 656 illo
1192 591 1317 657 differt?

253 696 352 762 Nihil.
370 695 555 760 Ulteriusne
578 715 653 760 cum
677 694 741 758 hoo
759 693 937 758 disseram?
956 715 1095 783 quemve
1114 695 1247 785 ignem,
1266 717 1317 762 aut

254 803 349 890 quale
364 799 486 866 ferrum
502 800 547 865 illi
566 799 771 882 admoveam,
797 815 835 864 ut
849 799 968 886 mortui
981 800 1188 866 affectionem
1203 803 1317 868 hahere
1361 811 1362 852 l

255 931 289 972 se
307 906 444 972 sentiat?
467 907 595 988 Sentit,
618 921 777 972 ettamen
803 907 923 972 sentire
950 905 1131 972 dissimulat
1155 930 1163 973 ε
1192 927 1317 974 mortuo

255 1015 349 1078 etiarn
363 1013 454 1102 pejor
468 1029 550 1078 est».

298 1120 350 1186 38.
379 1118 563 1208 Aliquando
585 1119 640 1182 illo
662 1119 771 1207 potius
793 1119 911 1201 modo,
929 1141 1028 1208 quam
1049 1119 1123 1184 ullis
1142 1121 1317 1185 rationibus

253 1227 303 1292 vel
321 1226 521 1316 argumentis
545 1223 785 1314 redarguendos
810 1225 1021 1291 Academicos
1043 1225 1142 1290 Stoici
1168 1244 1318 1308 censent,
1361 1221 1362 1276 ]

253 1355 338 1422 quo,
349 1333 375 1394 si
391 1331 570 1419 cujuspiam
585 1331 716 1396 illorum
728 1353 856 1398 servum
870 1353 939 1398 esse
953 1333 1171 1422 contingeret,
1186 1355 1318 1397 usurum

252 1461 286 1502 se
304 1437 384 1501 dicit
408 1437 584 1524 Epictetus.
609 1437 758 1526 Namque
774 1438 819 1502 ait
836 1437 900 1525 (ι),
918 1439 1047 1504 «Etiam
1066 1439 1091 1502 si
1109 1439 1225 1504 millies
1240 1462 1318 1527 quo·
1361 1449 1362 1458 ’

251 1543 329 1608 tidie
346 1543 406 1606 sibi
423 1541 642 1631 vapulandum
662 1545 764 1625 foret,
784 1566 887 1631 quum
905 1545 1014 1608 oleum
1031 1545 1147 1609 afferre
1162 1561 1196 1610 et
1210 1545 1319 1609 inlitn·
1361 1533 1362 1592 ]

252 1647 329 1712 dere
346 1649 444 1712 herus
458 1648 604 1731 juberet,
621 1650 792 1713 allaturum
816 1671 851 1713 se
873 1670 1009 1738 garum3
1035 1671 1206 1738 quumque
1227 1649 1319 1714 herus
1361 1653 1362 1656 ’

252 1755 390 1839 diceret,
410 1755 500 1844 Quid
513 1755 573 1820 ltoc
588 1770 636 1820 est
653 1757 672 1820 Ρ
692 1779 796 1820 nonne
810 1755 914 1820 oleum
930 1756 1026 1821 disi?
1049 1757 1181 1840 Dixisti,
1200 1757 1319 1845 inquit,

253 1860 485 1953 responderem
502 1887 511 1927 ι
528 1861 611 1928 seda
623 1885 700 1954 garo
713 1863 793 1928 mihi
811 1863 872 1928 olei
887 1864 1053 1951 phantasia
1071 1863 1179 1928 oblata
1188 1877 1237 1927 est
1244 1877 1320 1944 tpar-
1361 1917 1362 1926 .

254 1979 337 2043 τάτη,
358 1973 545 2050 ἀδιάκριτος»,
561 1967 596 2032 id
611 1985 675 2050 est,
692 1967 871 2049 simillimo,
894 1983 925 2032 et
938 1991 1009 2057 quse
1017 1992 1081 2032 non
1094 1969 1321 2033 discerneretur.

256 2075 294 2136 ln
313 2071 467 2136 omnibus
484 2071 600 2136 eodem
620 2094 654 2136 se
671 2071 772 2136 modo
795 2073 958 2138 facturum
981 2071 1059 2137 dicit
1076 2073 1244 2162 Epictetus
1260 2072 1321 2161 (n),

254 2192 286 2242 et
306 2192 429 2266 sperat,
449 2177 501 2240 ssi
523 2174 591 2240 duo
613 2176 664 2239 vel
687 2192 751 2240 tres
779 2201 816 2241 ex
846 2179 1009 2242 conservis
1035 2200 1145 2243 secum
1171 2177 1319 2243 adversus
1361 2255 1362 2268 ,

182 2307 184 2314 ¹
253 2283 372 2346 herum
386 2279 824 2368 conspirent,.ellecturum,
842 2295 880 2344 ut
900 2299 959 2346 aut
974 2283 1166 2348 sententiam
1185 2300 1322 2349 mutaret

256 2384 485 2469 Academicus,
511 2383 632 2449 autad
657 2384 871 2473 suspendium
897 2387 1081 2478 'adigeretur
1089 2420 1112 2454 ιι.
1137 2391 1279 2471 Verum,
1302 2413 1320 2454 o

254 2493 418 2583 Epictete,
439 2492 463 2556 si
480 2507 556 2556 tuus
572 2490 625 2556 ille
640 2491 739 2556 herus
760 2515 813 2557 me
831 2492 957 2575 audiat,
980 2496 1117 2583 experiri
1141 2497 1321 2586 oportebit,
1361 2519 1362 2522 ¹

254 2600 326 2688 quis
342 2600 432 2689 prior
447 2598 639 2688 defatigatus
663 2599 834 2663 consiliam
854 2616 1010 2684 mutaret,
1028 2619 1107 2666 tune
1122 2591 1320 2692 vapulando,

253 2729 293 2769 an
310 2704 463 2769 eaedendo
475 2702 538 2769 ille.
552 2735 565 2760 α
578 2704 641 2768 Alii
654 2719 764 2768 autent
779 2705 942 2795 negabant
955 2707 1020 2794 (ait
1035 2707 1191 2772 Lucullus
1208 2709 1278 2797 (3))
1291 2731 1322 2773 se

253 2834 314 2899 pro
336 2811 398 2874 hac
423 2807 583 2888 evidentia¹
603 2808 781 2896 quidquam
800 2813 922 2900 priores
950 2813 1048 2877 fuisse
1073 2811 1244 2880 dicturos:
1269 2813 1322 2878 sed

254 2915 296 2980 ad
312 2938 363 2997 ea,
385 2928 457 3002 quae
474 2931 587 2979 contra
608 2913 814 2998 dicerentur,
830 2915 894 2982 dici
917 2935 1069 3008 oportere
1087 2921 1265 3008 putabant,
1284 2943 1322 2984 ne

258 3023 315 3110 qui
332 3021 528 3086 fallerentur.
543 3051 555 3076 ι
570 3021 672 3086 Multa
690 3044 766 3113 ergo
781 3023 897 3105 Stoici,
913 3023 1129 3115 Chrysippus,
1146 3027 1321 3115 Antipater,

252 3147 285 3193 et
297 3127 497 3209 Antiochus,
513 3151 573 3216 pro
586 3127 734 3192 sensibus
750 3145 782 3194 et
798 3129 957 3194 evidentia
971 3130 1124 3195 dixerunt
1137 3149 1169 3196 et
1192 3133 1323 3220 scripse·

254 3252 346 3316 runt,
363 3255 505 3322 quorum
522 3234 627 3322 aliqua
643 3235 677 3297 in
697 3235 821 3300 Luculli
840 3259 989 3300 sermone
1006 3238 1111 3326 legas3
1134 3260 1195 3301 nos
1212 3238 1320 3302 omnia

257 3341 322 3403 huc
336 3361 403 3402 non
421 3340 676 3404 transcribimus.
693 3340 778 3405 Illud
795 3364 862 3405 non
880 3342 1220 3430 praetermittendum,
1236 3341 1322 3431 quod

205 3465 213 3470 ·
258 3442 298 3507 ad
317 3443 544 3508 similitudines
566 3444 809 3533 respondebant
832 3448 997 3512 :somnia
1019 3449 1069 3513 sui
1086 3450 1212 3538 generis
1235 3471 1321 3528 esse,

255 3548 345 3611 Nihil
355 3545 670 3635 esseidernquodsit
681 3548 797 3612 aliud».
811 3550 956 3615 Stoicum
967 3563 1078 3634 ἀξίωμα,
1097 3576 1163 3641 quo
1180 3552 1214 3616 id
1230 3552 1322 3641 signi·

257 3653 369 3720 licatur
386 3677 393 3717 :
412 3655 532 3716 Omnes
545 3655 685 3742 singulas
697 3677 747 3718 res
766 3658 895 3746 propria
911 3675 1043 3741 natura,
1060 3675 1176 3747 atque,
1194 3675 1232 3724 ut
1244 3657 1322 3723 dici-

255 3777 319 3842 tnr,
336 3759 473 3824 essentia
481 3751 647 3842 constare,
666 3760 804 3850 ideoque
816 3781 849 3828 et
864 3765 1002 3853 propriis
1012 3765 1239 3852 qualitatihus,
1251 3787 1321 3852 quae

291 3939 329 4008 (1)
343 3941 371 3987 In
385 3939 465 4004 Epist.
477 3939 573 3988 Arrian.
586 3939 629 3989 lib.
641 3943 680 4001 Π,
697 3959 750 4008 cap.
763 3959 809 4004 ao,
828 3959 883 4008 pag.
895 3945 956 3991 aas.

291 4028 330 4095 (a)
343 4029 396 4077 Lib.
407 4029 447 4086 11,
459 4043 513 4092 oap.
525 4043 570 4086 ao,
585 4026 708 4093 pagato.

291 4117 329 4181 (3)
344 4115 457 4165 Academ.
467 4115 512 4163 lib.
527 4119 563 4178 11,
583 4133 636 4182 cap.
647 4119 672 4166 6.
