2724 4690
308 379 908 470 ACADEM10.1,L113ER11‚6.
1074 381 1144 482 259

72 505 131 582 sed
149 505 196 580 ad
218 529 284 596 ea,
306 531 389 606 quae
408 521 535 579 contra
556 504 785 594 dicerentur,
805 504 875 577 diei
890 521 1062 606 oportere
1078 533 1145 608 pu·

74 618 219 708 tabant,
235 642 290 690 ne·
306 619 371 716 qui
389 617 613 690 fallerentur.
632 618 800 714 Plerique
823 631 945 690 tamen
964 633 1000 691 et
1018 614 1146 693 defini·
1166 637 1198 690 ιδ
1223 629 1227 639 ’

76 734 190 802 tiones
211 731 375 828 ipsarum
397 730 506 802 etiam
525 727 747 800 evidentium
768 751 891 798 rerum
915 753 991 800 non
1006 733 1145 832 impro-

74 839 183 929 bant3
197 851 237 911 et
250 861 330 910 rem
347 838 535 926 idoneam,
552 836 598 910 de
614 861 689 936 qua
703 852 897 936 quaeratur,
921 855 958 912 et
980 840 1148 915 homines

74 947 224 1047 dignos,
246 945 469 1046 quibuscum
487 946 695 1036 disseratur,
712 961 854 1046 putant.

120 1059 231 1131 Philo
258 1073 403 1148 autem,
434 1057 525 1131 dum
561 1082 655 1130 nova
688 1057 897 1156 quaedamn
921 1055 1149 1150 commovet,

74 1167 179 1270 quod
202 1193 244 1242 ea
269 1171 449 1242 sustinere
468 1170 529 1241 vix
546 1183 711 1268 poterat,
729 1193 811 1267 quae
831 1185 958 1244 contra
975 1170 1152 1252 academi-

75 1303 206 1354 corum
226 1281 462 1380 pertinaciam
477 1279 705 1368 dicebantur,
721 1295 757 1351 et
769 1293 894 1380 aperte
910 1283 1096 1373 mentitur,
1110 1299 1153 1354 ut

76 1403 130 1463 est
142 1388 390 1488 reprehensus
404 1413 424 1461 a
439 1403 542 1489 patre
559 1387 689 1462 Catulo
700 1385 746 1478 ²³,
761 1403 816 1479 et,
834 1405 875 1462 ut
892 1389 1016 1464 docuit
1030 1395 1155 1465 Antin-
1229 1457 1232 1466 .

76 1499 190 1588 chus,
211 1502 249 1570 in
270 1499 308 1571 id
328 1503 448 1600 ipsum
470 1523 508 1573 se
527 1499 701 1590 induit24,
724 1501 824 1598 quod
847 1501 1007 1576 timebat.
1026 1505 1153 1593 Quum

78 1615 178 1686 enim
201 1611 252 1682 ita
273 1627 443 1710 negaret,
467 1609 669 1714 quidquam
684 1636 759 1686 esse
777 1611 877 1710 quod
893 1615 1157 1713 comprehendi

77 1732 203 1818 posset
219 1716 285 1814 (id
304 1719 400 1792 enim
418 1719 588 1792 volumus
605 1743 681 1792 esee
696 1719 920 1799 ἀκατάληπτον
931 1718 965 1764 ²⁵
973 1721 1006 1818 ),
1021 1722 1050 1794 si
1063 1721 1156 1794 illud

77 1987 145 2020 men
172 1967 304 2020 defendere
328 1967 499 2034 cogebantuu
524 1966 597 2032 quale
641 1970 717 2034 mgis
730 1970 803 2021 etiem
817 1968 1040 2036 venationum
1054 1973 1090 2022 At
1103 1984 1156 2024 tum

78 2049 221 2116 mplun
230 2049 310 2100 enno
321 2065 367 2114 pro
377 2051 406 2102 Ρ.
417 2049 520 2113 Quintio
532 2063 598 2114 prte-
642 2050 727 2110 etiem,
740 2061 770 2100 ut
781 2050 874 2116 ubique
885 2062 972 2102 auetoe
982 2051 1013 2101 de
1023 2065 1158 2118 ww,

78 2131 129 2182 bet.
144 2132 179 2180 G.
642 2128 714 2192 liujus
732 2129 887 2182 deriderebie.
904 2131 976 2182 Catil.
993 2133 1041 2192 IV,
1055 2135 1089 2194 6,
1107 2135 1153 2192 eli,

113 2226 158 2260 aa.
179 2211 333 2274 Commorat,
351 2208 420 2275 qued
435 2224 465 2256 ea
481 2205 599 2256 sustinere
641 2206 715 2274 injus
731 2225 790 2258 avus
807 2209 918 2270 merli,
936 2221 984 2260 ete.
997 2212 1046 2262 Sed
1059 2227 1157 2278 propo·
1227 2214 1230 2220 '

78 2289 126 2340 nix
133 2301 246 2357 poteras.
259 2293 336 2340 Recte
348 2298 497 2346 commovet,
510 2303 597 2352 qnam·
642 2287 718 2338 eitum
735 2287 893 2352 pretium
912 2291 964 2340 vien
980 2291 1069 2352 hebet,
1088 2293 1158 2342 utin

78 2387 152 2436 quem
168 2380 219 2420 tre·
233 2385 344 2418 meorum
358 2379 383 2418 et
398 2368 481 2433 plures
492 2365 598 2414 aliorum
638 2366 757 2434 pentfice
773 2369 895 2431 δοωνοὶα,
916 2371 975 2423 lul.
992 2385 1016 2433 r,
1031 2388 1054 2431 a,
1066 2371 1158 2434 Scytha

78 2461 238 2498 mmm:
250 2465 308 2498 nam
319 2447 598 2498 tennemonn-ex·
643 2445 834 2510 Anaeitmide,
856 2449 930 2498 Tute·
947 2452 981 2508 V,
1000 2453 1049 2510 32,
1070 2452 1118 2513 09,
1133 2461 1159 2500 et

79 2529 169 2594 praeit
177 2539 266 2578 mutor
275 2543 282 2578 :
292 2527 367 2593 idque
375 2525 443 2578 laend
452 2523 599 2590 infrequenti
643 2525 669 2574 id
683 2541 760 2590 μου
772 2526 892 2591 plurimis.
905 2528 946 2576 Sic
959 2529 1021 2578 nihil
1035 2529 1159 2591 offendor,

79 2607 205 2673 exemplo.
218 2605 278 2658 Vid.
288 2603 422 2656 Mencken.
434 2603 461 2654 h.
472 2620 497 2654 v.
511 2603 560 2652 Sed
569 2603 597 2654 h.
643 2607 763 2672 imprimit
776 2621 852 2672 quum
865 2624 894 2656 ee
907 2625 948 2660 ree
959 2611 1043 2674 penei·
1056 2621 1113 2658 ente
1127 2619 1157 2668 4,
1228 2609 1232 2618 ”

79 2687 99 2737 l.
114 2689 144 2737 in
161 2684 259 2736 Ineunt
276 2701 330 2744 ore,
350 2701 407 2734 enm
419 2684 522 2736 notione
534 2682 599 2732 invi-
647 2702 689 2746 μ,
701 2697 797 2740 narrate
810 2687 851 2736 eit.
867 2689 898 2736 G.

80 2765 206 2828 diodoro,
217 2775 247 2814 nt
257 2764 307 2814 lere
317 2763 422 2814 elium
432 2779 509 2812 novas
518 2762 602 2812 meliri
680 2777 724 2824 aa.
741 2769 772 2816 In
786 2765 815 2816 id
824 2764 903 2830 tirsum
916 2781 944 2817 se
958 2765 1042 2816 induit.
1060 2767 1160 2816 Nemini

81 2845 181 2900 dicitur
198 2843 295 2894 Deinde
316 2854 480 2910 transponunt
498 2843 528 2892 ir.
542 2841 599 2892 eod.
644 2845 698 2896 lane
713 2844 787 2896 verbe
808 2856 920 2910 turpem
939 2861 990 2897 enee
1014 2845 1159 2896 debuerunt.

81 2925 167 2974 etErl.
176 2921 293 2972 sustinere
302 2939 341 2974 ea.
351 2921 471 2988 Equidem
479 2922 600 2972 eaebeeee
645 2924 718 2976 Unde
730 2923 809 2974 eimile
826 2935 889 2974 eeeet
905 2923 1021 2984 ductum
1035 2925 1106 2974 linuit
1120 2927 1159 2974 vi·

81 3004 179 3062 malim
195 3004 325 3069 quoenim
338 3001 599 3067 cumqneloeopone-
645 3003 703 3055 elene
726 3001 793 3067 apud
816 3003 923 3062 multoet
947 3003 1014 3068 apud
1038 3004 1161 3054 nemiuem

82 3095 137 3146 tur,
154 3081 231 3132 hebet
251 3081 360 3146 aliquid,
378 3079 444 3130 unde
462 3079 599 3146 displiceat.
646 3095 727 3136 temen
744 3083 867 3147 apennine,
885 3099 958 3146 quam
976 3081 1045 3149 apud
1061 3085 1161 3134 Cinere-

83 3163 153 3230 Soepe
167 3173 251 3212 eutem
268 3172 326 3210 ente
340 3159 470 3210 reintirum
484 3176 500 3209 e
514 3160 602 3210 acribia
645 3173 703 3214 nem
715 3163 811 3226 iprum,
830 3161 873 3224 qui
888 3161 915 3208 in
932 3161 979 3212 lib.
993 3165 1046 3222 111,
1061 3178 1160 3212 acente-

83 3241 133 3292 hoe
146 3239 366 3292 dmomuetivum
384 3239 457 3300 addi,
472 3239 498 3289 in
514 3239 603 3304 vulgae
646 3241 722 3292 tionis
737 3255 744 3290 t
759 3239 821 3288 ahie
833 3237 932 3301 videte,
948 3240 1043 3305 inquit,
1058 3242 1084 3290 in
1097 3257 1162 3306 quoe

84 3334 171 3372 notem
198 3331 250 3382 αι,
274 3329 303 3368 ut
324 3319 410 3384 penei·
430 3329 490 3384 poet
511 3320 602 3368 iactum
646 3320 747 3385 hqueoe
760 3335 786 3366 ee
798 3317 918 3382 induerit,
928 3335 1035 3384 qnorum
1047 3337 1080 3370 ex
1092 3321 1163 3370 nulle

84 3399 231 3450 ridebimus.
244 3399 275 3448 G.
648 3413 673 3448 ee
688 3413 804 3463 nmquam
816 3398 943 3462 expediret
951 3421 971 3450 ι.
990 3403 1020 3450 ln
1033 3401 1120 3450 eodem
1133 3401 1162 3448 li-

120 3483 166 3530 23.
190 3481 216 3529 A
232 3489 308 3544 patre
332 3473 429 3526 Catulo·
452 3475 481 3524 P·
503 3475 602 3524 Menut.
647 3477 894 3538 brontidetemt,
909 3477 969 3528 dnm
982 3479 1163 3546 expedireeeae

88 3557 168 3610 &euti
177 3555 254 3608 eerilti
263 3554 521 3620 eommmdat,qnnn
529 3553 562 3602 eit
572 3554 604 3602 de
647 3559 713 3623 vult,
733 3557 820 3606 induet
830 3578 852 3606 ι.
873 3560 900 3608 Ρ.
916 3561 1008 3610 Fun.
1025 3587 1057 3603 -
1071 3561 1164 3612 Gallice

87 3649 186 3688 mortuo
196 3651 293 3699 acmo,
305 3651 352 3684 nee
362 3635 408 3682 iate
419 3631 517 3683 dicendi
527 3633 603 3692 ratio,
648 3640 711 3707 bene
735 3636 839 3686 vertitur
850 3649 858 3686 t
875 3660 888 3682 a
899 3637 917 3686 il
937 3656 964 3688 ee
981 3641 1044 3702 jetta
1059 3641 1120 3692 dane
1140 3642 1164 3690 le

87 3718 134 3768 niti
152 3717 185 3766 de
203 3717 283 3774 vivit,
301 3725 442 3780 mutuetur.
462 3713 606 3778 Speciosam
649 3715 798 3778 flletenquel
809 3715 828 3764 il
839 3718 931 3770 voulait
942 3717 1093 3785 euhnppee».

87 3794 394 3859 eane;elietemenpotina
406 3808 606 3857 utrumquem
688 3795 729 3846 25.
748 3781 932 3852 interimere.
956 3799 1120 3863 Repnenirnue
1141 3810 1166 3848 et

89 3884 310 3941 quaeremur-etur.
324 3872 370 3922 Illa
380 3861 458 3932 enirn,
473 3871 504 3920 de
517 3872 607 3936 quibua
650 3873 799 3937 eeriptornm
814 3889 915 3937 prunae
931 3879 1057 3937 omnium,
1072 3889 1097 3926 et
1111 3877 1166 3926 Au-

90 3971 109 4004 a
114 3967 188 4020 patre
198 3954 286 4006 canto
295 3951 451 4017 reprehensus
459 3949 531 4002 Philo
541 3963 611 4014 eret,
653 3953 744 4020 gratini
756 3953 828 4002 etiarn
841 3953 899 4006 edv.
914 3955 1011 4006 Acedd.
1024 3959 1061 4015 11,
1077 3956 1166 4004 lectio-

90 4035 202 4083 hetterne
219 4032 387 4099 dispumiem
404 4041 551 4096 exponeret
564 4032 608 4082 Ga·
652 4045 723 4094 nunt
733 4047 890 4098 quemqnam
899 4045 1020 4086 sunnon
1031 4051 1102 4101 poete
1110 4035 1168 4088 W.

91 4111 252 4181 teluefilt'et.
273 4107 532 4176 onu5.eupre§11:
551 4109 609 4160 iude
653 4115 710 4164 DD.
726 4112 773 4162 ethi
786 4113 975 4177 pomerium,
990 4125 1089 4164 andere
1103 4115 1167 4164 ttu-

1008 4225 1060 4297 17.
