2770 4688
303 380 341 448 Ρ.
369 377 606 450 VALENTIAE
630 379 910 452 ACADEMICA.
1099 383 1144 454 55

90 500 236 587 piamnut
246 497 629 580 Damonemputneum
640 521 680 564 ex
690 499 758 564 fera
767 501 905 589 pessima
917 518 1069 570 mutatus.
1079 506 1145 588 Qui

88 605 160 670 enim
175 604 332 670 virtutem
340 625 381 674 cx
391 603 469 671 Stoa
484 621 647 692 sumptam
666 605 798 687 hebeat,
817 605 902 672 dicat
919 609 1027 674 entim
1044 609 1119 676 licet
1136 636 1144 675 ε

87 711 157 798 Opta
183 711 212 776 si
243 708 326 800 quid
343 711 406 792 ris,
423 710 532 776 omnia
551 710 610 781 ribi
633 709 789 796 aderunt,
812 728 903 780 otc.-
929 714 1007 780 lllos
1026 715 1144 806 gradus

86 815 161 882 idem
177 815 377 882 Plutarchus
393 813 456 882 alio
471 815 506 880 in
521 815 596 884 loco
610 815 656 904 (1)
672 815 795 886 indicat
814 834 940 906 oporte,
957 819 1038 887 dum
1059 821 1145 886 Stoi·

84 945 189 988 corum
205 923 461 992 inconstantiam
482 940 637 990 accusat:
657 946 741 1014 quos
761 925 805 992 ita
821 925 882 990 sibi
900 947 967 990 non
984 944 1145 1008 constare,

83 1049 181 1117 nequo
198 1026 282 1116 quid
296 1025 407 1092 dicent
421 1027 690 1112 animadvertere,
709 1029 755 1094 nit
771 1052 779 1096 t
796 1059 810 1086 ι
825 1030 870 1094 Ut
891 1052 995 1120 quum
1017 1031 1146 1098 notitias

83 1132 228 1220 repositas
246 1130 403 1221 quasdam
421 1132 539 1200 mentis
554 1135 783 1224 conceptiones
795 1157 866 1200 csso
882 1133 1059 1219 definiant,
1076 1159 1145 1204 tne-

83 1239 191 1304 rnorias
208 1255 322 1306 autem
334 1255 521 1306 constantes
539 1256 571 1306 ct
587 1241 734 1308 habitunt
748 1241 879 1331 adeptas
897 1243 1123 1332 impressiones
1137 1290 1145 1318 ,

82 1344 220 1420 scientias
236 1367 318 1412 vero
334 1346 432 1412 ctiam
454 1346 591 1412 omniuo
608 1362 727 1438 cogant
743 1363 777 1414 ct
794 1348 886 1436 qussi
902 1348 1093 1438 coagulent,
1107 1365 1145 1414 ut

82 1471 144 1536 quc
160 1449 382 1518 immutabiles
407 1473 444 1516 nc
461 1449 563 1518 firmae
581 1451 662 1536 sint;
679 1450 930 1518 fundumentum
950 1452 1069 1521 deinde
1093 1475 1144 1518 se·

82 1554 213 1644 demque
229 1558 299 1622 istis
314 1579 355 1626 ox
365 1557 490 1625 lubrica
500 1573 606 1624 etnon
617 1559 739 1640 stabili,
750 1558 990 1649 soddissipabili
1001 1581 1144 1647 semper·

81 1683 136 1748 que
153 1661 277 1730 fluento
294 1679 410 1730 natura
428 1664 653 1746 substernant,
670 1664 818 1730 animum
835 1662 986 1731 videlicet
999 1687 1038 1730 ex
1052 1665 1144 1730 tonui

81 1789 149 1834 amn
161 1787 404 1858 compactum».
418 1770 530 1861 Longa
547 1769 589 1836 dc
606 1771 668 1838 hoc
683 1793 719 1834 ro
737 1769 872 1838 Lucullo
888 1770 1027 1836 habetur
1040 1769 1144 1833 oratio

80 1871 181 1947 thillis
194 1876 307 1942 statim
321 1875 445 1958 verbis,
463 1877 638 1942 Ordiamur
653 1880 753 1964 r'gt'tm
768 1899 791 1940 a
808 1875 944 1940 sensibus
951 1923 962 1958 ‚
974 1891 1035 1940 etc.
1045 1896 1143 1963 qnam

80 1980 157 2067 apud
173 1982 371 2050 Ciceronem
399 1983 484 2074 legas
512 2006 520 2048 ι
551 2005 612 2048 nos
635 1983 800 2072 integrum
825 1981 946 2046 librum
965 1981 1144 2046 exscrihcrc

81 2088 242 2154 nolumus.
261 2089 338 2154 Duo
354 2104 463 2154 temen
478 2089 550 2156 locs
567 2111 731 2178 apponere
747 2088 962 2154 necessarium
980 2087 1144 2153 existima·

80 2213 153 2262 mus.
168 2195 282 2260 Altero
301 2210 370 2261 tota
384 2195 484 2260 Stoici
506 2195 634 2260 Criterii
659 2195 761 2276 ratio,
776 2217 818 2259 ex
830 2195 986 2260 Antiochi
1011 2193 1095 2274 fide,
1123 2217 1143 2258 a

80 2297 216 2365 Varrone
232 2299 451 2383 describitur3
467 2299 569 2364 altero
582 2301 722 2365 Zenonis
738 2302 863 2389 imago,
872 2323 937 2388 qun
949 2300 1061 2364 omnia
1075 2299 1143 2364 haec

79 2421 298 2494 reprcsentsrc
329 2405 398 2494 ipso
436 2405 579 2485 solebat,
613 2407 778 2471 Ciceronis
807 2404 913 2471 verbis
944 2403 1141 2493 depingitur.

78 2512 198 2593 «Visis,
226 2513 340 2600 inquit
359 2509 462 2578 vano
481 2511 545 2601 (n),
565 2534 632 2578 non
657 2511 811 2576 omnihus
832 2510 1027 2602 adjungebat
1044 2510 1143 2577 fidem

80 2615 300 2708 [Zeno]‚scd
316 2619 355 2684 iis
371 2619 501 2700 solum,
517 2641 590 2706 quoe
606 2619 770 2708 propriam
792 2617 966 2706 quamdam
986 2617 1144 2682 haherent

79 2721 321 2792 declarationem
339 2747 451 2790 esrum
467 2747 596 2804 rerum,
610 2723 903 2812 qucridcrentur:
921 2721 957 2787 id
972 2739 1081 2787 autem
1092 2723 1142 2786 vi·

77 2849 274 2919 sum,qnurn
292 2831 401 2920 ipsum
413 2853 473 2919 pcr-
486 2851 518 2894 ss
536 2845 735 2910 cerneretur,
742 2827 1142 2917 Communium-Fo-

78 2934 145 3002 tetis
165 2933 389 3002 hreni—Nos
404 2957 500 3019 vcro,
523 2935 652 3024 inquit:
670 2956 813 3022 quonam
834 2933 922 2998 enirn
936 2933 1036 2998 modo
1062 2961 1142 2997 mrc-

75 3055 175 3117 turn,
185 3039 311 3108 diceres
319 3040 465 3124 t-sed,
484 3063 588 3130 quum
605 3059 774 3131 acceptum
788 3041 855 3121 jorn
873 3057 907 3106 et
921 3040 1137 3130 approbatum

78 3163 168 3230 essct,
185 3146 514 3236 comprehensionem
528 3145 869 3236 appellabat,similem
883 3145 922 3208 iis
934 3143 1052 3225 rebus,
1069 3165 1141 3232 quc

78 3272 168 3317 manu
190 3249 433 3342 prendcrcntnr
454 3275 463 3318 ε
487 3275 527 3318 ex
550 3275 618 3343 quo
642 3253 740 3320 etiam
762 3273 883 3317 nomon
905 3251 969 3315 hoc
989 3248 1140 3332 duxerat,

76 3377 170 3443 quum
195 3379 237 3424 co
259 3358 363 3424 sorbo
389 3375 484 3424 antes
502 3381 601 3426 nemo
616 3359 650 3424 in
671 3359 725 3425 tali
746 3380 782 3422 rc
800 3378 878 3422 usus
904 3372 1007 3439 csset;
1034 3357 1138 3445 pluri·

78 3462 194 3552 misque
211 3461 301 3530 idem
324 3465 418 3530 noris
438 3466 545 3531 verbis
568 3465 674 3552 (nova
693 3465 780 3531 enim
803 3462 930 3528 dicebat
947 3463 959 3551 )
975 3485 1055 3529 usus
1082 3480 1140 3528 ost.

79 3567 170 3650 Quod
188 3586 301 3636 antem
320 3585 390 3635 erat
403 3592 502 3636 sensu
518 3571 811 3661 comprehensum,
828 3569 870 3634 id·
883 3571 990 3660 ipsum
1010 3569 1140 3634 Sensum

78 3675 247 3761 appellabar
266 3699 275 3742 t
292 3691 341 3758 et,
365 3676 392 3740 si
415 3676 458 3740 ita
477 3692 546 3742 crat
561 3677 855 3765 comprehensum,
874 3691 913 3740 nt
933 3675 1069 3742 convelli
1092 3697 1142 3738 ra·

80 3778 160 3848 tione
175 3805 244 3848 nou
261 3797 373 3871 posset
389 3781 458 3870 (3),
475 3782 666 3862 Scicrtticmt
679 3783 729 3847 sin
745 3783 854 3865 aliter,
872 3782 1071 3846 Intercatiam
1084 3803 1143 3844 no·

110 3949 147 4015 (t)
158 3953 194 4000 Do
206 3967 295 4000 comm.
314 3929 397 4002 Notis.
409 3949 525 3998 adversus
538 3951 650 4012 Stoicos,
663 3965 719 4015 pag.
737 3948 810 4008 tolli,
825 3966 838 3997 a
852 3949 913 3999 eth.

112 4035 148 4100 (s)
160 4039 232 4105 Apud
242 4039 296 4090 Cic.
310 4037 388 4088 Acad.
397 4037 439 4086 lib.
454 4037 482 4096 l,
497 4053 552 4102 cip.
567 4054 607 4086 rr.

113 4121 149 4187 (l)
164 4127 238 4178 Vides
251 4143 301 4192 qus
314 4125 409 4176 ratione
422 4125 595 4192 interpretetur
608 4124 636 4175 τὸ
652 4121 824 4192 ἀμετάπτωτον
836 4122 882 4176 ὑπὸ
893 4121 974 4192 λόγου.
985 4123 1100 4167 Vsusn-
