2786 4674
273 387 342 459 588
608 394 656 462 Μ.
683 396 721 461 Τ.
748 391 989 463 CICERONlS

271 511 421 580 miseriae
435 523 643 607 quaererem.
660 517 777 611 Atque
790 517 820 582 is
829 511 995 610 quidem,
1008 513 1072 608 qui
1085 524 1219 582 cuncta
1235 533 1335 581 oom-

174 635 179 638 ·
270 621 410 717 posuit,
424 634 632 693 constanter
649 624 686 692 in
701 647 767 694 suo
784 618 976 694 manebat³
991 634 1107 692 statu:
1129 623 1194 718 qui
1214 635 1333 692 autern

270 743 373 800 erant
394 727 440 800 ab
462 753 506 801 eo
532 732 658 819 creati,
681 733 795 828 quum
827 735 983 829 parentis
1003 729 1170 800 ordinem
1197 753 1331 825 coguo-

270 843 420 928 vissent,
441 839 539 911 hunc
556 839 812 938 sequebantur.
831 845 959 938 ltaque
977 861 1091 936 quum
1111 839 1332 936 accepissent

268 949 469 1020 immortale
493 952 717 1049 principium·
740 950 898 1023 mortalis
918 951 1127 1036 animantis,
1151 950 1331 1020 imitantes

267 1063 468 1156 genitorem
486 1074 523 1131 et
546 1059 753 1132 effectorem
774 1064 847 1148 sui,
867 1059 1056 1158 particulas
1073 1059 1188 1155 ignis,
1207 1071 1243 1128 et
1259 1072 1329 1128 ter-

266 1193 325 1256 rae,
338 1183 374 1239 et
385 1193 499 1266 aquae,
514 1184 551 1240 et
568 1170 657 1241 aeris
673 1169 692 1240 a
706 1169 861 1257 mundo,
876 1193 967 1267 quas
982 1191 1105 1240 rursus
1120 1165 1328 1252 redderent,

267 1278 537 1368 mutuabantur,
548 1303 678 1378 easque
691 1283 787 1364 inter
797 1304 835 1351 se
846 1277 1077 1378 copulabant,
1090 1275 1191 1347 haud
1204 1274 1327 1346 iisdem

265 1388 434 1477 vinculis,
450 1389 584 1485 quibus
603 1391 670 1486 ipsi
688 1405 792 1460 erant
807 1389 981 1486 colligati,
997 1386 1059 1459 sed
1080 1384 1232 1471 talibus,
1249 1409 1326 1480 quse

266 1499 363 1568 cerni
383 1521 457 1568 non
476 1493 623 1595 possent
644 1513 794 1596 propter
814 1501 1048 1596 parvitatem,
1068 1495 1210 1566 crebris
1228 1498 1323 1591 quasi

266 1606 426 1678 cuneolis
435 1607 589 1702 injectis,
598 1633 713 1678 unum
727 1606 929 1680 efficiebant
939 1633 983 1680 ex
996 1605 1169 1679 omnibus
1184 1629 1323 1702 corpus,

264 1811 328 1860 Plnt.
339 1813 431 1875 th·
444 1809 571 1869 Plat.VlI;
584 1810 611 1859 in
627 1812 728 1870 Proeto,
747 1812 772 1858 in
817 1811 890 1877 culpa
899 1832 920 1861 ι,
938 1815 1041 1876 Repoue
1050 1825 1088 1858 ma
1099 1819 1215 1856 auctore:
1225 1817 1322 1870 «qmte

263 1892 327 1939 Tim.
341 1905 396 1956 pag.
413 1891 477 1950 3³2,
497 1893 522 1938 in
542 1887 686 1949 ctutetdto,
708 1891 772 1938 etin
817 1910 864 1942 nus
886 1894 938 1956 ipss
958 1885 1078 1939 beneficio
1099 1903 1146 1936 sno
1167 1887 1216 1934 sibi
1237 1885 1323 1948 aliquid

263 1972 375 2020 versione
384 1969 469 2018 Fioiui.
479 1971 524 2018 His
534 1987 591 2018 sane
600 1979 772 2018 motnsaucto·
817 1972 918 2021 miserim
940 1980 1058 2036 quareret
1068 1991 1089 2016 ι.
1110 1967 1235 2015 Nimirum
1249 1964 1322 2012 vobis

263 2047 770 2116 ritatibnssdiditnuperliekkemobepls
816 2049 990 2118 beneficiosuo
1009 2047 1132 2110 adscripta
1152 2046 1202 2116 init
1217 2044 1248 2092 ad
1262 2059 1321 2090 osan

264 2129 297 2187 ιῖς
307 2131 368 2197 γῆν,
385 2128 440 2186 τοὺς
461 2122 487 2178 d'
503 2127 537 2188 ιίς
551 2129 661 2183 eonas.
680 2131 771 2175 Forsan
816 2130 973 2194 explanatio:
987 2127 1086 2184 «idest,
1093 2124 1217 2190 culpasna
1227 2143 1238 2166 ι
1249 2120 1321 2180 mode

264 2209 337 2256 altera
351 2207 425 2254 lectio
445 2207 477 2267 εἰς
493 2207 557 2262 ἥλιον
585 2208 616 2256 ab
643 2208 674 2255 iis
693 2208 772 2254 intro·
815 2210 864 2256 hon
881 2209 999 2272 glossema
1013 2206 1144 2252 intextum
1158 2203 1265 2266 irrepsit.
1283 2205 1318 2247 Be·

261 2288 337 2338 ducta
364 2296 417 2346 cst,
437 2288 478 2349 qui
503 2289 621 2352 putabant
649 2287 773 2350 sequentia
817 2286 928 2355 aeficium
936 2287 1000 2336 euim
1013 2283 1269 2332 intsadnm‘uaitatnna
1281 2281 1319 2328 fuit

261 2366 343 2423 rerba,
358 2364 390 2424 ιῖς
409 2362 443 2416 τὰ
464 2353 592 2418 ἄλλα’ὄσα
612 2366 705 2436 ὄργανα
721 2365 775 2436 χρό·
819 2383 864 2432 pro
874 2383 949 2431 opero
964 2377 988 2414 et
1000 2364 1083 2428 oaslpa.
1098 2364 1139 2411 Sic
1154 2361 1318 2426 Ulpian.lex

261 2463 318 2508 sou,
341 2456 425 2493 notare
450 2443 578 2509 quamdam
612 2458 682 2494 torrae
714 2461 769 2494 rno-
814 2447 921 2504 damno,
944 2448 990 2494 11,
1007 2446 1039 2492 D.
1053 2443 1137 2491 damn.
1151 2441 1199 2498 inf.
1219 2457 1318 2488 «conse

261 2523 379 2572 bilitatem
391 2538 398 2572 ε
410 2534 436 2572 st
447 2538 522 2587 quum
537 2525 554 2571 ii
571 2526 715 2588 interpretes
728 2541 771 2572 nc·
815 2543 892 2591 quens
901 2537 950 2584 est,
971 2525 1067 2588 inquit,
1086 2521 1259 2570 detrimentum
1277 2521 1318 2567 boc

261 2615 346 2666 garant
359 2603 400 2652 vel
413 2613 501 2652 terram
521 2605 627 2662 morati,
640 2603 678 2652 vel
690 2603 770 2652 Plato·
814 2603 1075 2669 quodbenelicioejns
1083 2599 1317 2666 contingit-..Ande

260 2684 352 2730 nemin
361 2684 454 2731 Timaeo
467 2691 555 2732 terram
570 2694 597 2731 ut
608 2682 723 2730 mobilem
734 2699 770 2730 rc·
814 2685 910 2733 Sobott.
930 2684 1027 2734 Nodos.
1046 2680 1204 2730 Ciceronian.
1230 2681 1317 2740 111,q

260 2761 599 2824 presentavisss,molnsrunt
613 2773 705 2810 textum
716 2776 771 2809 cor·
815 2763 849 2810 At
869 2763 897 2809 P.
917 2761 1041 2808 Manutius
1064 2758 1190 2806 malebat:
1216 2757 1317 2804 «nisisi

260 2857 386 2906 rumpere,
408 2858 482 2906 quam
512 2843 586 2891 verba
608 2842 661 2907 pati
680 2841 771 2904 quibua
813 2841 867 2904 ipse
888 2854 930 2888 sna
950 2838 1023 2905 culpa
1039 2836 1088 2886 sibi
1109 2835 1206 2900 aliquid
1226 2836 1316 2884 misnia

259 2921 390 2984 opiniones
398 2936 448 2969 snas
456 2919 770 2970 nteuebmrnrseduimi-
814 2930 963 2984 querente.
984 2917 1059 2983 Apud
1082 2917 1210 2966 Platonem
1233 2915 1315 2978 igitur:

260 2999 484 3048 rumiisrrabaut:
497 3015 553 3048 uam
566 3000 604 3048 rel
619 3010 770 3062 quumterra
813 2998 851 3052 ὅτι
871 2999 905 3069 μὴ
933 3003 1014 3049 κακῶν
1037 2995 1097 3048 αὐτὸ
1118 2996 1201 3063 inuri?
1222 2994 1316 3064 γίγνοιτυ

259 3078 391 3126 immobilis
411 3089 527 3142 putem,
553 3077 722 3138 nibilominus,
741 3087 779 3148 nt·
814 3077 902 3130 αἴτιον.
917 3077 977 3124 Sca.

259 3157 402 3206 Plutarchus
422 3157 549 3220 observat,
567 3156 614 3204 dioi
638 3167 721 3220 potest
731 3156 770 3203 in·
851 3159 875 3206 3.
900 3157 1044 3206 constanter
1063 3154 1088 3202 in
1106 3169 1151 3202 sno
1167 3169 1236 3202 man.
1249 3162 1316 3200 stass.

259 3247 418 3286 strumentum
445 3237 547 3286 notandi
570 3236 712 3300 temporis:
744 3245 770 3284 ot
813 3235 915 3299 Egregie
938 3237 1011 3284 vertit
1036 3235 1089 3284 Cic.
1108 3232 1219 3282 Platonis
1236 3229 1315 3278 verba:

259 3325 324 3362 osrta
341 3315 457 3373 Proolur,
470 3317 513 3380 qui
526 3325 613 3364 terram
631 3331 644 3362 a
666 3311 767 3363 Platone
812 3315 895 3385 ipsust
907 3315 931 3364 la
940 3319 977 3382 τῷ
989 3315 1075 3366 lonso]
1087 3309 1157 3364 antis
1166 3310 1255 3381 τρόπον
1265 3311 1315 3364 ilo·

259 3392 374 3441 mobilem
388 3394 436 3442 dici
449 3404 532 3460 negat,
545 3394 652 3443 eamdem
670 3409 698 3441 ac
715 3392 767 3442 Cic.
813 3393 975 3455 Paradeisos,
987 3395 1011 3440 in
1024 3396 1124 3458 Vryage
1134 3390 1316 3444 d'Aanoloru's,

260 3469 317 3519 leot.
331 3482 447 3534 sequutus
461 3482 507 3540 est.
813 3489 871 3537 cap.
888 3473 938 3535 59,
955 3472 1080 3520 Platonem
1098 3471 1169 3534 sequi
1189 3470 1316 3523 debuisset.
1357 3459 1365 3474 ⁰

295 3564 319 3598 a.
339 3549 396 3596 Nisi
417 3563 537 3614 qrantonus
555 3567 606 3616 apso
617 3546 768 3613 benefactor
813 3567 859 3600 nso
877 3550 958 3599 diocro
971 3587 978 3612 ,
990 3549 1158 3598 nl'immnabls
1172 3559 1253 3596 rsntru
1266 3547 1317 3595 dans

259 3643 304 3676 son
315 3629 389 3690 culpo
401 3627 450 3698 sibi
457 3629 555 3694 aliquid
570 3629 623 3678 mis.
642 3639 769 3694 quaereret»
814 3645 860 3678 son
873 3641 946 3694 repos
955 3653 977 3679 n.
989 3631 1029 3678 Sic
1043 3629 1107 3677 enim
1120 3627 1271 3678 Tertulliano
1283 3644 1315 3676 aa·

258 3705 370 3756 lambini
378 3716 403 3754 st
415 3706 493 3755 Miob.
501 3709 570 3756 Bruti
579 3723 653 3773 opera
665 3715 769 3755 exveto·
815 3723 898 3756 sensus
910 3717 962 3766 est,
982 3708 1026 3772 qni
1042 3718 1128 3758 eontra
1149 3711 1331 3772 Hermogenen*

259 3784 408 3836 ribnslibris
416 3785 769 3850 aiosditumtenisiquatsnns
814 3789 894 3850 capito
920 3787 966 3836 ult.
989 3785 1091 3836 scribit:
1111 3787 1198 3835 «Noli
1219 3788 1252 3836 ita
1271 3787 1315 3834 neo

258 3867 310 3931 ipso
327 3862 451 3912 beneficiis
468 3879 512 3914 sua
530 3867 601 3930 culpa
617 3865 664 3914 sibi
676 3864 769 3928 aliquid
814 3865 907 3914 adulari
917 3877 961 3926 ,nt
974 3867 1034 3914 volis
1047 3866 1116 3914 illum
1127 3866 1184 3914 solo
1199 3867 1252 3914 risu
1264 3865 1314 3912 sub·

259 3946 360 3992 minnan
370 3953 517 4011 quaererw.
528 3944 639 3992 Lambin.
650 3942 768 4010 boafioiu
811 3945 914 3994 nuntias
926 3945 1071 4008 prosettam
1091 3944 1275 4008 communibus
1283 3953 1314 3988 to·

260 4033 286 4068 ut
300 4023 417 4085 glossema
439 4020 568 4069 dolendum
588 4021 697 4085 putabat.
715 4022 767 4071 Noc
811 4035 864 4072 tum
885 4023 933 4072 boc
956 4023 1078 4072 condidit.
1094 4024 1179 4085 Major
1197 4021 1313 4086 eosgloria

257 4099 351 4159 dst'ult,
375 4102 417 4164 qni
441 4110 544 4148 tentaret
571 4099 706 4150 «beneficii
729 4103 767 4150 ani
811 4104 888 4163 sins,
917 4104 937 4150 si
967 4101 1087 4152 laboravit
1108 4124 1129 4150 ι.
1161 4107 1191 4152 ln
1219 4101 1315 4150 Platonis
