2786 4674
262 347 333 432 tiod
365 394 367 402 ι
604 347 651 414 M.
674 349 712 415 T.
739 345 982 416 CICERONIS

299 473 368 528 ltnst
393 467 454 530 hac
482 465 629 526 sciendum
656 481 700 528 est
732 469 821 528 multa
851 486 912 526 esse
935 466 1009 544 ignis
1031 483 1154 544 genera:
1173 467 1317 526 flammam

185 573 187 578 ’
262 560 413 629 videlicet,
430 573 459 618 et
472 558 551 636 quod
568 558 604 618 ab
618 579 652 618 ea
668 573 712 618 est
732 579 895 631 accensum;
910 559 990 637 quod
1003 559 1062 616 nrit
1075 559 1207 636 quidem,
1221 559 1315 618 lumen

260 671 331 712 vero
345 651 456 710 nullum
468 652 558 710 oculis
573 652 670 710 affert:
680 652 796 730 quodve
812 652 950 711 exstincta
962 653 1076 710 flamma
1089 653 1166 710 iutra
1179 653 1244 723 illa,
1255 673 1317 728 que
1377 647 1378 658 ¹

261 763 380 804 accensa
393 744 522 816 luerunt,
540 759 683 803 remanet:
698 746 829 804 similiter
842 746 916 804 aeris
937 765 1025 823 genus
1038 745 1117 804 aliud
1133 747 1317 823 pruissimnm

261 837 519 918 agilissimnmque,
538 856 624 914 quem
646 838 782 898 aetherem
802 851 986 916 nuncupem
1007 837 1086 898 aliud
1104 836 1319 896 turbulentissi-

261 949 355 1000 mum,
370 929 490 1008 caligine
507 921 885 1007 nubibusque'obscurum:
906 931 1034 1007 aliasque
1052 930 1165 1007 species
1186 930 1250 994 sine
1263 937 1319 986 n'o-

259 1021 334 1080 mine
348 1039 409 1078 esse
424 1020 583 1097 putandum
597 1033 657 1092 est,
673 1035 795 1100 propter
809 1023 900 1100 ipsam
914 1022 1124 1099 triangulomm
1140 1021 1320 1098 inaequalita-

262 1126 330 1174 tem.
344 1119 435 1190 Aqure
450 1112 629 1191 generaduo
646 1127 713 1172 sunt
729 1115 894 1193 precipua:
910 1133 999 1172 unum
1013 1113 1178 1186 humidum,
1195 1114 1320 1171 alterum

263 1206 360 1264 fusile:
378 1204 674 1283 humiduniquidem,
691 1209 760 1283 quia
773 1207 926 1284 generibus
941 1226 1024 1284 aquae
1040 1205 1138 1284 parvis
1151 1217 1182 1263 et
1193 1207 1320 1282 inaequa-

262 1299 339 1358 libus
352 1311 477 1369 constat,
495 1299 576 1358 facile
591 1319 608 1357 a
622 1318 652 1356 se
664 1300 728 1376 ipso
738 1312 768 1357 et
779 1298 815 1358 ab
831 1300 888 1358 alio
903 1312 1024 1378 propter
1038 1298 1239 1374 inequalitatis
1252 1316 1320 1354 con·

261 1392 400 1450 ditionem
410 1405 440 1449 et
451 1391 548 1468 ligura
564 1391 687 1469 speciem
703 1392 814 1450 moveri
824 1393 915 1450 solet:
929 1391 1009 1468 qnod
1023 1404 1121 1449 antem
1136 1411 1172 1448 ex
1185 1389 1322 1467 grandio-

264 1483 344 1542 ribus
358 1481 572 1560 aequalibusque
591 1495 621 1540 et
641 1482 753 1541 lenibus
772 1497 816 1542 est
829 1483 1034 1562 cumposimm,
1053 1479 1185 1540 stabilius
1204 1481 1272 1552 illo,
1292 1495 1320 1538 et

263 1593 350 1652 grave
372 1585 493 1650 propter
511 1575 605 1632 lenem
631 1575 819 1651 equalitatem
843 1587 1025 1651 compactum
1045 1588 1103 1642 est,
1125 1573 1176 1631 sed
1200 1587 1320 1652 propter

262 1666 334 1742 ignis
346 1664 522 1743 penetrantis
537 1663 774 1742 dissolventisqne
789 1667 926 1744 impetum
940 1665 1101 1744 aequalitate
1111 1665 1216 1724 amissa
1226 1677 1319 1722 motus

262 1757 293 1815 fit
307 1757 465 1834 particeps:
481 1755 646 1834 lectumque
659 1756 731 1832 agile
747 1755 926 1833 monitaque,
942 1776 960 1814 a
974 1757 1107 1833 proximo
1122 1775 1190 1813 aere
1205 1756 1316 1833 pulsnm

262 1861 468 1923 extensumque
482 1860 667 1924 perreriam,
683 1846 742 1904 duo
762 1847 893 1925 quasdam
907 1849 1033 1925 patitur:
1059 1861 1170 1906 namet
1190 1848 1318 1925 liquescit

262 1940 339 1997 etin
363 1953 468 1997 terram
483 1938 607 1996 decidit:
636 1939 760 2016 primum
783 1937 855 1997 illud
878 1940 962 1998 molis
980 1941 1133 2018 purgatio,
1153 1939 1210 1998 hoc
1227 1943 1317 1999 flsixns

263 2031 504 2110 cognominatur:
526 2051 624 2088 rursus
643 2031 709 2107 igne
724 2030 791 2088 hinc
804 2031 952 2099 evolante,
969 2033 1078 2108 qnippe
1091 2051 1181 2108 quom
1197 2053 1255 2090 nou
1271 2033 1318 2090 liat

263 2123 291 2180 in
311 2141 432 2180 vacarum
454 2123 564 2190 exitus,
586 2123 736 2199 proximus
756 2139 805 2179 aer
825 2123 925 2200 pulsus
945 2107 1081 2180 mobilem
1103 2123 1199 2182 adhuc
1216 2125 1316 2182 molem

262 2212 409 2270 humidam
425 2215 453 2270 in
468 2213 541 2290 iguis
554 2212 636 2278 sedes
652 2214 788 2292 impellit,
803 2215 916 2292 ipsique
929 2217 1020 2291 ipsam
1037 2217 1219 2274 commiscet:
1232 2217 1315 2275 moles

262 2303 387 2380 denique
408 2305 570 2379 compulsa,
592 2305 753 2383 iterumque
774 2307 865 2364 lenem
886 2307 1075 2384 equalitatem
1089 2307 1211 2385 adepta,
1231 2328 1313 2384 quum

262 2394 334 2472 ignis
349 2393 547 2470 inaequalitatis
561 2397 664 2454 artilex
676 2398 736 2472 jam
753 2396 863 2469 abierit,
876 2398 905 2456 in
921 2397 996 2456 idern
1009 2418 1107 2458 secum
1121 2412 1311 2458 coacervatur:

261 2498 347 2563 atque
360 2486 438 2564 ¹ignis
452 2484 613 2544 abscessnm
630 2489 873 2565 lrigelactionem,
886 2491 1021 2567 copulam
1034 2499 1105 2550 vero
1126 2511 1312 2570 congressum·

262 2597 319 2656 qne
327 2621 335 2650 ,
351 2577 411 2656 igni
424 2577 547 2636 abeunte
561 2579 684 2648 lactum,
706 2581 979 2658 conglutinationem
993 2581 1177 2661 gelidamque
1190 2583 1311 2662 rigidita-

264 2682 319 2728 tem
333 2689 487 2728 vocamus:
502 2690 538 2728 ex
553 2670 679 2728 hisvero
701 2691 772 2748 quas
789 2693 878 2749 aquas
896 2673 995 2732 lnsiles
1009 2674 1310 2752 appellavimus,qnod

262 2782 298 2822 ex
313 2762 485 2820 tenuissimis
503 2761 711 2839 leuissimisque
733 2764 764 2820 lit
779 2762 995 2834 densissimum,
1014 2763 1174 2835 uniforme,
1194 2763 1310 2840 splendi-

261 2853 330 2913 dum
343 2853 521 2930 flavumque,
537 2854 742 2930 pretiosissima
763 2875 809 2913 res
826 2868 884 2926 est,
906 2875 1008 2914 aurum
1030 2855 1186 2914 florescens
1200 2875 1252 2932 per
1266 2875 1311 2932 pe-
1353 2880 1358 2888 -

262 2957 334 3004 tram
348 2958 529 3023 compactum
544 2959 604 3003 est:
619 2947 683 3004 auri
697 2959 792 3004 antem
808 2966 919 3017 ramus,
942 2959 1063 3023 propter·
1083 2945 1252 3005 densitatem
1266 2945 1308 3004 du·

261 3036 389 3094 tissimus
410 3048 439 3094 et
461 3037 546 3113 nigro
566 3049 705 3113 praeterea
726 3038 823 3095 colore
838 3038 979 3107 suffusus,
1000 3036 1117 3096 adamas
1140 3039 1308 3116 appellatur:

258 3126 308 3186 sed
320 3126 399 3204 quod
414 3147 485 3185 auro
500 3128 645 3204 proximas
660 3127 748 3186 habet
761 3142 874 3206 partes,
890 3129 1045 3207 pluresque
1057 3149 1115 3186 uua
1128 3130 1239 3208 species
1252 3149 1308 3188 cun-

260 3223 348 3289 tiuet,
374 3239 445 3278 auro
461 3240 578 3298 quoqne
594 3221 722 3292 densius,
740 3234 769 3278 et
795 3235 913 3278 terreum
934 3221 1024 3299 partis
1045 3241 1146 3298 pancae
1171 3222 1308 3298 tenuisque

262 3312 419 3389 particeps,
436 3312 509 3371 adeo
522 3326 554 3370 ut
568 3315 696 3390 asperius
711 3312 869 3390 duriusque
883 3313 936 3382 sit,
950 3327 1102 3370 verum'ex
1113 3331 1167 3382 eo,
1181 3312 1256 3389 qnod
1269 3313 1308 3368 in-

262 3402 381 3459 tervalla
393 3403 563 3462 intrinsecus
575 3401 664 3462 habet
682 3423 798 3482 magna,
812 3404 903 3464 levius
921 3415 979 3474 est,
993 3401 1049 3460 hoc
1065 3423 1156 3480 genus
1170 3397 1308 3460 nitenliuni

261 3505 518 3572 concretarumque
543 3515 683 3572 aquarum
713 3517 800 3554 unum
827 3508 886 3567 est,
914 3509 1000 3572 atque
1024 3514 1061 3552 aes
1084 3495 1266 3553 nominatur:
1282 3505 1307 3550 at

258 3582 375 3661 quando
390 3595 502 3643 terrena
519 3605 584 3663 pars
607 3587 673 3644 huic
698 3588 829 3646 immixta
849 3600 969 3666 propter
991 3599 1161 3644 vetustatem
1181 3607 1199 3645 a
1220 3587 1307 3644 ceteris

257 3673 389 3754 partibus
403 3675 464 3753 ejus
476 3679 645 3748 secernitur,
666 3678 702 3738 ad
721 3693 937 3756 extremamque
950 3679 1052 3736 emesa
1068 3679 1248 3755 superficiem
1263 3698 1307 3756 per

256 3787 286 3826 se
300 3768 362 3846 ipsa
376 3767 504 3844 aspectui
520 3783 615 3845 patet,
631 3770 735 3850 rubigo
752 3770 811 3847 jam
826 3773 975 3829 nascitur:
999 3784 1096 3830 cetera
1115 3775 1229 3848 generis
1246 3771 1306 3847 ejus·

257 3860 322 3918 dem
344 3857 549 3918 verisimilibus
573 3863 732 3922 rationibus
756 3864 870 3939 assequi
892 3861 1116 3939 haudquaquam
1141 3861 1305 3920 laboriosum

256 3964 316 4010 est:
332 3951 410 4028 quod
431 3951 455 4008 si
473 3952 537 4027 quis
552 3953 716 4012 remittendi
729 3953 815 4022 studii
828 3955 933 4030 gratia,
950 3952 1111 4012 rationibus
1125 3973 1239 4026 eornm,
1251 3973 1305 4028 qua

257 4059 369 4118 semper
379 4053 458 4112 sunt,
472 4041 648 4116 intermissis,
660 4045 884 4104 consideraverit
900 4044 1067 4104 verisimiles
1080 4043 1118 4102 de
1134 4045 1306 4122 generatione
