2784 4666
515 369 706 438 Tmtffius.
1069 367 1140 466 575

75 502 220 586 par-tem
234 488 399 586 attingit,
415 510 488 582 qua
502 511 627 561 sensus
645 490 732 562 cieri
745 503 889 587 potest;
910 489 1034 562 orbisl
1046 491 1142 566 illius

75 599 219 696 generis
247 597 393 668 alterius
419 601 628 670 immutatus
659 611 695 668 et
726 611 846 669 rectus
872 597 994 668 omnia
1021 603 1143 672 animo

77 709 265 804 mentique
286 705 501 778 denuntiat:
525 721 603 778 tum
625 709 815 806 opiniones
838 705 1141 809 adsensionesque

76 813 215 888 firmae⁵
230 841 393 914 veraeque
406 819 615 916 gignuntur.
632 819 754 910 Quum
768 821 940 894 autemin
953 819 1021 894 illis
1032 820 1142 898 rebus

75 929 244 1013 vertitur,
266 952 347 1024 quae
368 942 554 1002 manentes
576 951 721 1026 semper
737 927 892 1016 eaedem,
914 953 990 1000 non
1012 933 1142 1022 sensu,

76 1037 142 1112 sed
159 1037 398 1134 intelligentia
413 1039 667 1126 continentum
681 1052 759 1108 tum
775 1037 1012 1136 intelligentia
1025 1041 1142 1112 scien·

78 1148 204 1245 tiaque
224 1147 424 1220 necessario
441 1144 599 1218 efficitur
611 1143 639 1216 ⁶.

777 1249 784 1277 l

119 1315 204 1396 [Haec
216 1315 347 1394 quisquis
365 1317 396 1376 in
412 1315 469 1376 alio
484 1335 571 1392 quam
589 1315 622 1374 in
643 1315 738 1374 anima
753 1316 816 1374 lien'
834 1314 958 1388 dixerit,
979 1334 1080 1375 arero
1095 1337 1146 1396 pe-

49 1400 55 1418 '
78 1411 160 1468 niuis
180 1407 336 1468 aberrabit.
360 1413 459 1484 Quum
481 1409 571 1486 igitur
592 1406 649 1466 boc
670 1427 691 1466 ι
718 1427 748 1466 se
772 1409 880 1466 factmn
905 1409 1146 1486 sempiternorum

78 1501 206 1560 deorum
231 1501 416 1559 simulacrum
441 1500 554 1558 moveri
580 1511 610 1558 et
632 1499 732 1558 vivere
760 1511 844 1577 pater
865 1499 934 1572 ille,
957 1500 1008 1576 qui
1032 1502 1150 1578 gennit,

77 1592 339 1664 animadverteret,
364 1591 523 1651 delectatus
538 1603 581 1650 est
598 1609 704 1670 opere,
726 1603 756 1648 et
775 1589 830 1648 hae
846 1589 949 1649 ductus
963 1590 1061 1654 laetitia
1072 1611 1148 1676 opus

78 1703 167 1743 strum
184 1685 275 1762 multo
293 1685 379 1742 etiam
392 1685 481 1760 magis
498 1683 594 1762 primo
614 1682 657 1742 illi
673 1671 832 1760 exemplari
848 1684 940 1741 simile
955 1682 1078 1742 reddere
1096 1705 1149 1744 co-

78 1777 201 1855 gitarit:
222 1778 320 1854 itaque
340 1775 584 1854 quemadmodum
602 1775 676 1833 illud
689 1776 898 1853 sempiternum
912 1774 1018 1833 animal
1034 1790 1091 1849 est,
1108 1777 1149 1834 ita

78 1873 251 1932 uuiversum
272 1868 328 1926 lroc
345 1885 401 1944 pro
415 1865 526 1926 viribus
546 1868 602 1928 talc
619 1867 713 1925 facere
725 1867 842 1925 statuit:
859 1867 936 1926 illius
953 1866 1070 1943 quidem
1089 1870 1151 1928 eni·

78 1962 167 2020 malis
182 1973 289 2017 aeterna
303 1971 408 2018 namra
417 1971 474 2018 est:
489 1958 570 2035 quod
583 1957 681 2036 genito
694 1959 778 2037 operi
788 1976 950 2035 congruere
960 1959 1080 2020 omnino
1089 1979 1148 2022 non

78 2065 200 2132 potest:
217 2049 326 2110 idcirco
337 2049 490 2128 imaginem
502 2049 555 2108 aevi
566 2048 705 2112 mobilem
717 2051 852 2132 effingere
863 2049 1014 2110 decrerit:
1030 2071 1064 2114 ae
1078 2053 1147 2116 dum

77 2143 187 2202 caelum
205 2152 373 2212 exornaret,
387 2141 456 2199 iecit
477 2141 643 2200 aeternitatis
666 2142 695 2200 in
720 2141 829 2201 unitate
852 2143 992 2204 manentis
1011 2158 1150 2208 aeternam

78 2233 241 2315 quamdam
253 2233 283 2291 in
295 2252 419 2292 numero
430 2234 567 2292 fluentem
582 2233 753 2314 imaginem,
767 2255 853 2312 quam
867 2254 921 2294 uos
934 2249 1046 2315 tempus
1059 2258 1149 2300 voca-

80 2346 169 2386 mus:
183 2323 245 2384 dies
257 2344 349 2404 porro
362 2337 392 2383 et
404 2338 516 2396 noctes,
532 2338 562 2384 et
576 2345 702 2396 menses,
721 2340 751 2385 et
769 2347 876 2397 annos,
899 2329 950 2406 qni
966 2343 1032 2388 ante
1048 2331 1148 2390 caelum

80 2440 145 2478 non
159 2433 255 2491 erant,
267 2432 335 2478 tunc
342 2431 478 2480 nascente
489 2417 600 2478 mundo
610 2421 689 2479 nuti
701 2419 806 2498 jussit:
820 2439 885 2500 quae
896 2421 997 2481 omnia
1010 2423 1150 2502 temporis

82 2523 184 2592 partes
199 2522 285 2570 sunt:
301 2510 384 2588 atqui
396 2523 459 2570 erat
479 2524 507 2570 et
529 2511 600 2586 erit,
620 2531 685 2591 qnae
700 2512 760 2574 nati
776 2513 915 2591 temporis
931 2514 1042 2591 species
1061 2527 1149 2586 sunt,

83 2621 147 2660 non
167 2614 242 2659 recte
258 2613 370 2659 aeternae
385 2600 551 2664 substantiae
566 2603 741 2681 assignamus
758 2627 765 2661 :
785 2605 907 2666 dicimur
925 2605 1004 2664 enim
1024 2603 1061 2667 de
1080 2606 1149 2682 itta,

83 2709 149 2766 est,
164 2706 226 2751 erat
238 2706 267 2750 et
283 2693 339 2750 erit
352 2701 363 2749 :'
377 2693 429 2751 sed
445 2694 487 2754 illi
503 2715 535 2752 re
549 2715 616 2754 vcra
628 2696 722 2754 solum
738 2715 799 2755 esse
810 2696 964 2774 competit:
980 2695 1066 2753 luisse
1078 2713 1150 2758 vero

83 2799 115 2846 et
136 2787 201 2844 fore
222 2784 360 2864 deinceps
375 2785 411 2843 ad
426 2785 638 2862 generationem
660 2799 792 2863 tempore
812 2784 1017 2863 procedentem
1041 2785 1151 2846 referre

84 2878 246 2938 dehemus:
267 2891 362 2936 motus
377 2878 451 2936 enim
466 2877 585 2956 quidum
600 2877 660 2935 duo
674 2877 724 2936 illa
738 2891 824 2936 sunt:
845 2889 952 2934 aeterna
967 2887 1064 2934 autem
1083 2875 1150 2935 sub-

85 2970 194 3034 stantia
206 2989 297 3047 quum
310 2969 410 3038 eadem
423 2989 539 3047 semper
550 2982 580 3029 ct
590 2966 746 3028 immobilia
756 2980 937 3044 perseveret,
948 2985 1043 3042 neque
1056 2967 1153 3026 serrior

85 3083 117 3122 se
133 3063 198 3140 ipsa
212 3061 243 3120 fit
254 3080 391 3142 umquam
401 3079 497 3138 neque
501 3061 621 3139 junior,
632 3079 727 3138 neque
742 3061 797 3140 tuit
811 3059 967 3130 hactenus,
988 3077 1083 3136 neque
1096 3059 1152 3122 ent

86 3155 117 3211 in
131 3165 298 3232 posterum,
312 3172 407 3232 neque
421 3153 525 3232 recipit
538 3171 639 3215 eorum
657 3152 831 3232 quidquam,
849 3149 958 3230 quibus
973 3169 1019 3212 res
1037 3169 1148 3230 corpo·

123 3383 152 3430 4.
166 3371 247 3437 'Quum
260 3371 371 3422 eudem
385 3382 482 3436 pum
500 3371 599 3436 attingit
643 3370 865 3433 umentemque
874 3391 894 3414 »-
907 3370 937 3416 ln
948 3368 995 3417 tta
1010 3381 1150 3432 certante,

93 3451 534 3515 ...omshmbinusa-qmqn·
547 3457 600 3499 einr
643 3465 716 3516 qm
733 3449 774 3498 rix
793 3447 954 3511 weber,
985 3447 1032 3496 nisi
1059 3451 1151 3498 siluit

89 3532 370 3596 mannaque
382 3543 466 3578 unns
479 3529 600 3595 cioeipc·
644 3529 796 3594 ..ophiaca
823 3524 924 3574 limae·
942 3526 1053 3591 mgteetn
1073 3529 1151 3579 merila

90 3609 313 3670 terrarubea.
334 3611 361 3658 Ρ.
378 3607 505 3658 stan-tta
525 3608 602 3657 norri-
645 3623 717 3658 voce.
746 3607 816 3656 cm
844 3603 986 3655 Chalcidice
1010 3607 1153 3658 *reddidita

61 3677 68 3692 ’
90 3691 127 3755 git
140 3687 278 3751 «orbisque
292 3685 360 3738 uun·
375 3687 603 3751 gammaleria,
645 3697 762 3735 «ennete
782 3685 870 3733 enim
888 3695 960 3734 muta
979 3687 1111 3750 opiniones
1129 3697 1154 3736 et

90 3786 124 3820 ex
139 3763 488 3834 &ammittat
501 3767 602 3836 lsrlpau
647 3765 729 3829 dignu
751 3763 893 3814 floriditate
911 3775 1086 3823 amn,
1105 3779 1157 3812 nen

91 3849 189 3908 ἠως.
203 3847 262 3896 Suu.
647 3842 770 3906 geninmc
780 3842 944 3892 emmau.
958 3841 1044 3892 Gron-

128 3927 155 3976 ⁵.
168 3923 300 3991 Opininrres
312 3923 510 3989 cremansque
511 3924 604 3992 fimas.
683 3919 870 3974 suumne
890 3920 1004 3992 ffer'tun
1026 3918 1158 3968 tanhtm

94 4001 362 4056 schemae-tta
383 4003 606 4068 ammian-qne
649 4000 805 4050 «nmio
825 3999 935 4050 efflettnr
957 4009 1030 4063 atque
1052 3995 1160 4045 absolvi·

93 4085 200 4136 um..
214 4081 338 4138 victorin·
355 4097 411 4132 enm
430 4083 506 4132 Jtmtn
529 4081 607 4132 edidit
649 4082 796 4134 tur-‚tem
