2776 4688
250 396 1322 431 mmmmmmmmwwuwwwmmmwwn

475 645 478 650 ¹
602 535 962 624 turnonocrro

253 717 338 822 IN
377 703 1322 882 CICERONIS'ACADEMICA.

671 897 904 928 ...neo—.-

542 1035 693 1118 PARS
728 1029 1020 1117 SECUNDA.
1065 1113 1068 1120 .

633 1177 920 1210 ψαῦον-

296 1319 350 1419 P.
365 1297 758 1420 VALENTIAE
788 1305 1274 1434 ACADEMICA‚

428 1521 524 1585 srva
550 1521 609 1584 nn
638 1515 803 1582 snnlcm
833 1513 947 1580 naon
970 1511 1141 1595 unua,

601 1671 634 1704 ΙΙ
651 1670 713 1704 artas
730 1669 816 1702 mli!
833 1667 972 1710 rollanus,

288 1805 333 1852 An
351 1803 388 1852 Μ.
401 1803 431 1850 Τ.
449 1797 623 1851 CICERONIS
643 1797 913 1850 Acsnntsscottnrt
935 1797 1064 1858 LIBROS,
1086 1795 1288 1860 cauasque
1332 1826 1335 1836 .

447 1905 557 1954 OPERA
575 1901 814 1950 ruinosorttmt
832 1899 1063 1950 unnstmna
1077 1895 1123 1962 (r).

677 2046 915 2072 ᾡ-

259 2215 287 2255 1.
304 2156 497 2259 Serranus
517 2184 662 2250 studium
685 2185 834 2275 gentibus
852 2186 1005 2250 omnibus
1026 2187 1106 2282 satis,
1125 2207 1164 2250 ex
1184 2186 1327 2274 antiquo

255 2297 289 2359 in
314 2294 418 2383 pretio
441 2292 610 2372 habitunt,
630 2313 692 2356 nec
714 2292 778 2356 ulla
800 2289 880 2356 adeo
903 2291 1036 2356 barbara
1057 2308 1089 2356 et
1110 2291 1151 2356 ab
1173 2291 1327 2358 humano

255 2399 363 2466 officio
385 2396 487 2464 aliena
513 2398 600 2462 natio
625 2397 707 2479 fuit,
735 2421 806 2486 quae
831 2419 906 2462 suos
934 2398 1097 2486 sapientiae
1121 2400 1328 2486 professores

255 2486 327 2569 nori
342 2503 492 2568 habuerit
510 2520 542 2567 et
563 2501 708 2568 laudarit.
734 2502 857 2568 Verum
885 2504 1050 2568 enimvero
1075 2527 1142 2568 non
1165 2527 1260 2592 aeque
1286 2529 1328 2568 ex

255 2612 390 2699 antiquo
415 2609 502 2699 apud
524 2610 619 2691 tilios,
643 2627 675 2674 et
698 2611 776 2674 alios
799 2612 938 2700 populos
961 2609 995 2674 id
1015 2610 1161 2676 studium
1185 2610 1327 2675 claruit:

256 2718 357 2782 serius
376 2717 463 2781 enirn
480 2716 533 2780 alii
548 2717 615 2781 aliis
634 2717 797 2806 sapientias
811 2734 976 2781 vacarunt.
997 2716 1116 2799 Graeci,
1133 2719 1191 2804 qui
1207 2719 1329 2804 praeci-

255 2837 353 2910 piam
364 2823 397 2885 in
410 2821 471 2885 hac
483 2844 519 2884 re
534 2819 662 2886 landem
675 2819 857 2902 vindicant,
878 2822 904 2884 si
919 2843 993 2885 cum
1006 2821 1088 2885 Asiae
1102 2838 1193 2884 terrae
1207 2822 1329 2886 incolis

255 2926 474 3008 conferantur,
484 2927 592 3014 pueri,
604 2927 693 3015 quod
703 2926 857 2991 doctrinae
869 2943 993 2991 aetatem
1003 2943 1141 3016 spectat,
1149 2928 1327 2994 censendi:

255 3034 305 3098 uti
319 3033 359 3096 ab
375 3032 530 3122 AEgyptio
547 3033 689 3120 sapiente
709 3033 820 3098 Soloni
837 3033 1011 3121 ali'quando
1028 3033 1194 3115 objectum
1214 3053 1330 3098 narret

253 3141 288 3203 in
302 3141 425 3204 Timaeo
439 3138 541 3202 Plato.
559 3137 664 3217 Hujus
681 3161 716 3203 ea
734 3161 829 3204 causa
844 3139 943 3202 fuisse
957 3138 1108 3203 videtur:
1125 3161 1200 3204 nam
1217 3161 1329 3226 quum

254 3245 409 3331 sapientia
426 3245 495 3326 illa,
512 3267 583 3332 quae
599 3244 734 3310 humani
749 3245 871 3335 ingenii
887 3267 984 3333 opera
1002 3261 1034 3309 et
1052 3243 1161 3308 studio
1180 3263 1330 3333 paratur,

255 3371 322 3412 non
340 3350 402 3414 nisi
418 3350 528 3414 otiosis
545 3365 577 3413 ct
597 3349 631 3413 in
649 3373 726 3440 pace
748 3351 934 3438 agentibus,
951 3350 1084 3438 ejusque
1103 3351 1330 3440 satagentibus

289 3493 328 3560 (r)
345 3498 430 3543 Petrus
442 3494 570 3556 Valentia,
584 3507 641 3544 ortu
658 3495 824 3546 Cordubensis
840 3499 922 3556 1554,
942 3499 984 3562 qui
997 3514 1023 3546 sc
1035 3509 1116 3546 tamon
1129 3497 1269 3544 Zafrcmcm
1288 3497 1331 3545 in·

254 3582 365 3647 scripsit,
378 3581 448 3646 qnod
461 3583 605 3646 origincmc
623 3584 691 3632 Zaira
710 3594 842 3648 repeteret,
856 3585 951 3650 oppido
966 3586 992 3634 in
1008 3597 1113 3634 extrema
1127 3585 1224 3634 Baeticr.
1239 3585 1329 3634 Homo

253 3688 306 3720 non
322 3671 453 3733 vulgariter
473 3670 574 3730 doctus,
594 3675 691 3735 etqui,
709 3673 792 3721 nescio
810 3689 841 3721 an
861 3676 971 3722 omniurn
994 3675 1166 3732 solertissime,
1185 3674 1211 3720 in
1230 3675 1331 3722 veteris

252 3757 414 3824 philosophia·
425 3757 499 3822 adyta
511 3769 686 3822 penetraverat.
695 3758 846 3808 Academica
857 3760 981 3809 Ciceronis
994 3777 1049 3826 qua
1063 3770 1207 3826 supersunt.
1221 3761 1331 3827 mutila,

251 3846 357 3910 ideoque
370 3844 485 3902 obscura,
504 3861 555 3893 nou
570 3845 684 3894 brevibus
701 3846 798 3910 quidem
817 3847 993 3914 disjunctisque
1014 3849 1128 3908 scholiis,
1142 3858 1167 3896 at
1182 3849 1326 3898 continenti

253 3934 362 3997 oratione
375 3935 408 3980 ita
422 3933 572 3997 explanavit,
591 3945 618 3980 ut
637 3933 696 3981 mihi
713 3935 780 3984 solus
799 3951 826 3983 ca
842 3935 988 3984 intellexisse
1008 3936 1129 3986 videatur.
1151 3937 1221 4000 Opus
1247 3937 1331 4000 illud,

252 4023 371 4070 hactenns
387 4022 549 4081 rarissimum,
566 4021 699 4085 paucisque
717 4005 859 4088 cognituri,
883 4023 976 4088 prodiit
989 4041 1018 4074 cx
1037 4023 1137 4074 officina
1151 4024 1326 4084 rusticiana,

252 4125 317 4158 anno
331 4109 408 4173 1596.
426 4109 500 4158 Ornv.
510 4109 535 4158 in
548 4107 621 4172 Prerfi
631 4111 688 4158 novi
699 4109 796 4160 consilii
808 4111 942 4160 deedendo
954 4111 1082 4174 Cicerone,
1096 4130 1122 4177 p.
1136 4112 1174 4160 13.
