2786 4674
259 331 326 430 592
595 335 643 402 n.
670 335 710 402 r.
736 333 981 404 moerens

304 457 398 526 xlv.
420 460 496 526 lam
513 475 599 524 vero
613 477 738 526 earum
753 457 972 552 imaginum,
986 477 1067 552 quae
1081 455 1327 552 fingunturet

255 563 459 637 redduntur
483 564 520 632 in
539 564 711 660 speculis,
732 587 953 661 eorumque,
976 588 1057 660 quae
1077 564 1269 662 splendida
1290 584 1325 636 ct

255 673 355 744 laevia
378 686 485 758 sunt,
512 675 689 744 rationem
717 678 941 771 perspicere,
965 673 1062 744 haud
1083 673 1228 746 difficile
1253 692 1321 747 est.

254 789 343 858 Nam
368 808 411 854 ex
435 782 528 880 ignis
547 784 736 879 utriusque
759 781 898 854 externi
921 798 1032 881 atque
1059 785 1193 854 interni
1216 809 1322 856 com·

255 893 430 964 munione
448 891 543 963 inter
555 893 670 989 ipsos,
688 915 803 988 quum
827 917 923 963 unus
939 917 1005 990 per
1024 895 1182 990 singulas
1197 909 1321 991 partes

255 1001 424 1089 effectus,
441 1013 478 1073 et
498 1000 620 1072 multis
639 998 756 1072 modis
778 1025 930 1072 concors
950 1016 987 1072 et
1006 1016 1113 1100 aptus
1134 1001 1320 1090 redditus,

254 1115 293 1184 in
302 1112 431 1182 laevore
444 1109 607 1181 consedit
617 1107 698 1206 [sed
708 1112 736 1178 si
752 1111 789 1178 in
801 1109 995 1206 splendore
1004 1111 1206 1209 consedit]¹
1220 1127 1319 1184 :tum

254 1221 312 1292 vel
329 1221 455 1292 eadem
474 1219 626 1316 species,
648 1217 705 1288 vel
725 1219 907 1290 interdum
926 1221 1115 1291 immutata
1138 1219 1320 1309 redditur3

255 1331 450 1426 omniaque
472 1325 681 1421 hujusmodi
702 1329 902 1400 necessario
920 1329 956 1400 in
978 1329 1127 1427 speculo
1156 1329 1317 1403 referun-

255 1455 327 1526 tur,
349 1461 462 1537 quum
482 1437 574 1534 ignis
598 1435 788 1508 oculorum
810 1461 894 1510 eum
917 1463 960 1510 eo
979 1441 1081 1537 igne,
1107 1443 1172 1537 qui
1193 1456 1246 1512 est
1260 1441 1314 1514 ob

255 1575 296 1622 os
326 1548 486 1634 offusus,
515 1547 552 1616 in
577 1570 617 1619 re
638 1545 715 1618 laevi
739 1560 778 1618 ct
802 1547 1010 1645 splendide,
1035 1573 1074 1620 se
1095 1548 1258 1622 confudit
1279 1568 1316 1622 et

254 1658 445 1731 contulit².
481 1659 616 1728 Dextra
640 1669 761 1727 autem
786 1657 971 1746 videntur,
999 1683 1079 1755 qnae
1104 1658 1191 1728 laeva
1215 1675 1315 1744 sunt,

253 1771 338 1867 qnia
360 1767 547 1839 contrariis
575 1763 737 1863 partibus
763 1767 951 1838 oculorum
973 1772 1173 1840 contrarias
1199 1784 1315 1866 partes

253 1882 453 1975 attingunt,
464 1890 742 1975 praetermorem
755 1877 926 1946 usitatum
942 1875 1149 1972 adjectionis
1168 1894 1205 1948 et
1218 1903 1312 1950 com-

254 1989 426 2059 missurae.
454 1985 690 2082 Respondent
707 1999 827 2057 autem
842 1983 968 2058 dextra
987 1987 1143 2076 dextris,
1162 1985 1248 2060 laeva
1263 1989 1314 2060 lae·

254 2101 330 2186 vis,
349 2097 584 2168 conversione
603 2094 806 2182 luminum,
831 2120 945 2192 quum
964 2122 1005 2168 ea
1025 2101 1122 2169 inter
1140 2122 1180 2170 se
1205 2096 1313 2196 [non]

256 2204 514 2276 oohaerescunt.
542 2202 584 2273 Id
608 2201 663 2293 fit,
688 2228 801 2300 quum
828 2205 1058 2302 speculorum
1081 2208 1213 2281 laevitas
1235 2209 1312 2279 hinc

255 2313 427 2408 illincque
446 2309 671 2382 altimdinem
690 2315 895 2411 assumpsit,
918 2328 954 2385 et
965 2315 1149 2388 itedextra
1167 2319 1312 2390 detrusit

253 2426 292 2494 in
307 2424 427 2493 laevam
446 2435 584 2520 partem
606 2422 817 2511 oculorum,
831 2423 988 2520 laevaque
1003 2427 1039 2494 in
1060 2423 1236 2499 dextram.
1251 2432 1311 2498 Sn-

254 2537 339 2632 pina
353 2533 458 2604 etiam
473 2554 544 2626 ora
562 2545 762 2602 cernuntur
781 2532 993 2632 depulsione
1013 2533 1215 2624 luminum,
1239 2561 1313 2634 que

255 2659 468 2716 convertens
485 2637 652 2712 inferiore
673 2641 809 2731 reddit,
830 2669 910 2740 quae
932 2659 1017 2716 sunt
1035 2651 1235 2743 superiora.
1260 2651 1313 2716 At·

255 2779 327 2852 que
345 2754 420 2825 haec
438 2753 561 2824 omnia
582 2775 626 2822 ex
644 2775 689 2823 eo
710 2777 840 2849 genere
861 2768 965 2840 sunt,
981 2779 1061 2851 quae
1075 2779 1201 2827 rerum
1218 2755 1312 2851 adju·

254 2877 340 2936 vent
358 2885 507 2935 causas:
534 2859 668 2962 quibus
686 2862 802 2932 utitur
822 2864 1026 2934 ministeriis
1056 2866 1183 2952 Deus,
1203 2889 1311 2962 quum

255 2975 383 3071 optimi
397 2973 573 3069 speciem,
596 2969 715 3066 quoad
730 2969 807 3042 fieri
822 2985 960 3068 potest,
979 2971 1098 3043 efficit.
1117 2973 1189 3045 Sed
1203 2975 1312 3046 existi·

255 3097 364 3164 mant,
376 3081 562 3179 plerique,
585 3103 659 3150 non
682 3079 757 3152 haec
779 3079 984 3176 adjuvantia
1007 3081 1236 3170 causarum³,
1256 3081 1312 3154 scd

255 3195 319 3272 has
338 3195 432 3292 ipsas
447 3215 524 3264 esse
545 3191 708 3261 omnium
729 3214 874 3278 causas,
893 3217 973 3289 quse
991 3194 1062 3262 virn
1080 3191 1241 3264 habeant
1256 3189 1311 3262 fri·

290 3412 359 3458 xlv.
373 3425 395 3458 r.
411 3410 459 3460 Sed
472 3410 493 3458 si
505 3410 531 3458 in
544 3410 673 3474 splendore
685 3426 766 3460 conse·
807 3413 856 3462 Τοῦ
865 3410 920 3480 nepl
928 3413 956 3464 τὸ
964 3412 1095 3482 πρόσωπον
1108 3413 1201 3482 πυρὸς,
1220 3409 1311 3481 risnel

256 3491 302 3540 dit.
320 3489 429 3537 hubin.
443 3491 510 3550 conj.
528 3489 622 3536 «cedei
637 3489 662 3536 in
674 3489 765 3538 levore
808 3491 852 3548 τὴν
865 3489 916 3558 ὄψιν
931 3491 1005 3560 πυρὶ,
1020 3491 1077 3562 met
1086 3493 1114 3546 τὸ
1124 3495 1188 3544 2510,
1197 3491 1311 3560 uim.

171 3599 176 3608 .
257 3566 514 3618 coneedit-.Sce.-
528 3567 594 3615 Nihil
608 3567 675 3615 deest
689 3568 715 3614 in
726 3567 764 3614 hie
808 3571 866 3639 πρὸν
879 3569 1154 3641 ξυμπαγιῖγιγνομίνῳ.
1169 3573 1197 3621 P.
1212 3573 1281 3620 Mu.

257 3647 386 3705 omnibue;
406 3645 516 3709 quedem
537 3657 622 3694 contre
641 3645 765 3693 ebnudere
844 3651 869 3698 3.
881 3651 937 3697 Non
951 3649 1003 3698 ltoec
1018 3651 1163 3714 atljnvann'a
1179 3665 1310 3698 camme„

161 3725 163 3733 ⁴
257 3726 409 3776 menifestum
420 3723 765 3782 m13itnutnonnulltevoeee
809 3729 1165 3791 Iaegouuonhaecedjumenu
1176 3744 1309 3778 cauum·

257 3803 606 3864 eiutexeludende.l.v.1..
809 3817 833 3853 et
849 3823 880 3856 ex
899 3807 992 3856 Melini
1012 3807 1092 3866 libro,
1117 3817 1142 3856 et
1164 3825 1197 3855 ex
1211 3806 1310 3855 Plutonis

295 3901 321 3934 a.
341 3886 419 3946 ουωη
439 3881 505 3947 ignis
523 3883 647 3930 oeulortun
666 3897 721 3929 enm
737 3895 765 3928 eo
809 3885 897 3946 verbo;
909 3885 977 3949 quod
994 3887 1058 3934 enim
1070 3887 1110 3935 ille
1123 3885 1187 3935 dixit
1198 3881 1307 3944 Εωιὶτιι,

257 3963 313 4028 igne
375 3978 402 4010 se
415 3960 527 4026 confudit
536 3971 560 4008 et
571 3959 679 4008 contulit.
693 3962 764 4010 Non·
808 3975 874 4014 recte
884 3967 956 4014 vertit
966 3965 1053 4014 Cicero
1064 3965 1222 4028 andjam
1232 3979 1308 4014 muer·

259 4038 318 4087 nihil
346 4038 422 4088 deest.
448 4039 509 4088 Nem
537 4039 561 4085 in
585 4036 687 4085 Plutone
710 4039 763 4086 sic:
809 4059 861 4092 mm
875 4063 897 4092 ι.
911 4045 939 4094 Ρ,
952 4046 1025 4094 Mis.
