2776 4668
445 369 495 440 IN
527 369 785 452 Pananoxa.
1076 367 1146 456 465

80 487 163 554 dicit
179 502 236 552 aut
252 509 308 570 ea,
325 473 398 575 quas
410 510 478 554 non
496 488 730 571 concedantur,
742 503 799 554 aut
814 510 866 566 ea,
879 510 950 575 quae
965 489 1061 554 etiam
1073 514 1149 556 con·

81 617 173 659 cessa
191 592 272 657 nihil
281 594 405 675 juvent.
418 625 431 651 ι
447 595 530 659 Nam
542 618 582 660 ex
595 594 732 678 eisdem,
742 589 849 684 inquit
859 593 936 658 ibid.
952 594 1012 676 IV,
1023 618 1076 684 27,
1088 601 1148 684 74,

80 700 252 790 praestigiis
270 717 303 764 et
318 723 417 790 regna
435 719 509 764 nata
523 701 614 765 vobis
633 716 711 765 sunt
733 717 766 764 et
789 700 941 789 imperia,
961 715 993 764 et
1015 701 1147 786 divitiae,

80 823 114 869 et
127 821 228 870 tantm
240 803 391 892 quidem,
404 821 442 869 ut
453 806 581 890 omnia,
592 825 664 894 quta
677 807 800 894 ubique
815 806 896 882 sint,
913 807 1065 894 sapientis
1080 831 1149 873 esse

79 911 221 976 dicatis:
239 911 345 974 solum
361 921 514 1000 praeterea
531 911 731 994 formosum,
749 912 856 976 solum
874 909 1028 994 liberum,
1044 912 1151 978 solum

79 1018 207 1081 civemt
225 1017 399 1082 stultorum
413 1017 524 1080 omnia
537 1018 717 1099 contraria,
729 1039 812 1105 quos
828 1017 925 1081 etiam
938 1016 1069 1082 insanos
1081 1041 1150 1083 esse

76 1123 191 1187 vultis.
210 1122 286 1185 Haec
299 1127 431 1202 παράδοξα
449 1122 510 1204 illi,
527 1144 587 1186 nos
604 1119 803 1186 admirabilia
818 1120 973 1187 dicamus.
989 1120 1079 1205 Quid
1092 1147 1151 1186 au·

79 1247 149 1292 tem
162 1227 288 1292 habent
300 1226 537 1309 admirationis,
550 1250 654 1316 quum
667 1249 768 1315 prope
778 1227 968 1292 accesseris?
980 1229 1150 1294 Conferant

79 1352 194 1398 tecum
212 1355 307 1420 quam
324 1334 443 1420 cuique
459 1331 560 1398 verbo
575 1355 645 1396 rem
662 1332 826 1414 subjicias,
841 1331 928 1396 nulla
946 1332 1007 1396 erit
1020 1349 1151 1400 contro·

75 1439 220 1503 versia».
238 1439 349 1520 Quum
366 1438 465 1528 igitur
478 1437 628 1519 sentiret,
639 1437 764 1502 Stoicos
778 1459 813 1502 re
829 1435 941 1501 eadem
958 1435 1149 1522 defendere,

76 1567 155 1632 quar
175 1543 420 1630 Peripateticos,
436 1541 532 1606 verba
550 1558 661 1605 tenere
680 1540 861 1622 mordicus,
886 1540 1150 1631 horridioresque

75 1648 237 1730 evadere,
255 1647 451 1735 asperiores,
476 1645 622 1712 duriores
648 1663 681 1712 et
706 1647 853 1711 oratione
877 1663 910 1711 et
929 1648 1092 1731 moribus,
1115 1651 1149 1712 in

75 1755 144 1818 boc
165 1753 268 1834 libro,
284 1775 376 1840 paene
389 1769 427 1816 ut
438 1751 568 1815 inlibris
584 1751 625 1816 de
643 1749 782 1833 Officiis,
792 1752 975 1838 exemplum
992 1745 1152 1841 sequutus

74 1861 215 1926 Panaetii
233 1857 367 1940 Rhodii,
382 1857 438 1946 qui
456 1858 604 1922 siminus
621 1855 785 1921 Paradoxa
803 1857 946 1945 scripsit,
970 1872 1096 1940 tamen,
1112 1875 1150 1924 ut

73 1970 121 2032 ait
139 1966 182 2031 de
195 1966 266 2029 Fin.
281 1965 338 2046 lv,
354 1964 395 2029 28
405 2013 415 2047 ,
427 1987 484 2051 79,
495 1994 508 2020 ι
519 1963 648 2028 illorum
660 1963 821 2028 tristitiam
833 1978 930 2050 atque
946 1959 1147 2052 asperitatem

73 2074 206 2164 fugiens
216 2093 294 2155 ,nec
304 2070 511 2136 acerbitatem
523 2070 755 2134 sententiarum
763 2117 773 2149 ,
781 2091 841 2132 nec
851 2067 1028 2133 disserendi
1037 2070 1147 2158 spinas

73 2179 264 2269 probarit»,
278 2192 402 2240 tentare
418 2176 536 2258 voluit,
553 2191 728 2263 possentne
744 2173 796 2237 illa
814 2174 1000 2238 Stoicorum
1013 2181 1147 2262 repedate

73 2283 216 2374 proferri
231 2283 264 2346 in
279 2282 385 2345 lucem
403 2297 435 2346 et
450 2282 493 2345 ita
510 2278 588 2362 dici,
605 2297 643 2344 ut
659 2279 886 2368 probarentur.
905 2280 953 2344 Ita
977 2281 1029 2346 vix
1048 2281 1144 2346 mira-

73 2393 180 2471 beris,
196 2389 252 2476 qui
268 2388 369 2475 possit
385 2387 482 2474 isqui
498 2410 559 2475 pro
573 2387 710 2452 Murena
729 2387 862 2451 Catonis
878 2385 1038 2474 paradoxa
1057 2411 1146 2452 acer-

71 2499 150 2564 bius
168 2495 317 2574 irriserit,
334 2492 486 2580 idemque
503 2493 543 2558 de
562 2493 697 2558 Finibus
715 2491 821 2558 eidem
841 2492 956 2558 Catoni
973 2494 1143 2574 subtilius,

72 2625 143 2692 quo
159 2601 239 2666 vitio
257 2599 355 2665 Stoici
376 2599 478 2688 premi
493 2599 702 2680 viderentur,
719 2600 920 2686 exposuerit,
938 2598 1046 2662 subito
1068 2621 1143 2663 mu·
1176 2629 1184 2636 ·

71 2725 137 2776 tata
154 2729 312 2796 persona,
324 2723 355 2770 et
370 2706 460 2794 quasi
472 2719 624 2792 suscepto
637 2705 909 2768 consectariorum
923 2718 956 2767 et
966 2703 1142 2790 paradoxo·

70 2839 148 2880 rum
165 2810 331 2902 praesidio,
346 2810 459 2875 Parad.
477 2809 511 2892 I,
530 2833 565 2892 1,
583 2811 621 2892 6,
638 2811 707 2874 haec
724 2804 845 2873 dicere:
856 2839 870 2865 ι
881 2807 1018 2891 Vereor,
1029 2833 1070 2873 ne
1086 2812 1140 2875 cui

69 2937 218 2986 restrum
229 2940 269 2982 ex
280 2917 463 2982 Stoicorum
473 2916 644 2979 hominum
653 2912 1010 3002 disputationibus,non
1019 2935 1058 2978 ex
1066 2937 1139 2980 meo

70 3048 174 3092 sensu
190 3023 382 3112 deprompta
400 3023 468 3087 haec
484 3021 631 3086 videatur
649 3021 752 3084 oratio
768 3041 776 3084 ε
793 3017 897 3082 dicam
912 3035 1036 3100 tamen,
1048 3021 1140 3107 quod

70 3129 211 3196 sentio».
234 3127 350 3216 quue
378 3150 412 3191 se
435 3128 468 3190 in
491 3126 653 3191 Prooernlo
676 3124 839 3212 scripsisse
861 3122 938 3189 dicit
965 3123 1136 3210 libentius,

69 3235 166 3326 quod
188 3233 251 3299 sibi
273 3229 333 3297 ista
360 3234 491 3314 repedate
515 3233 651 3296 maxime
675 3227 846 3295 videantur
869 3252 935 3292 esse
957 3224 1136 3316 Socratica,

68 3343 229 3430 &rugaque
248 3341 419 3403 verbanno.
439 3338 515 3402 Hoec
532 3335 694 3401 simillima
709 3336 769 3400 illis
783 3351 879 3416 sunt,
893 3357 965 3422 quse
983 3333 1137 3425 leguntur

67 3447 112 3512 de
135 3443 230 3510 Ollic.
249 3445 281 3526 I,
303 3465 336 3526 1,
354 3466 390 3526 a,
407 3459 440 3509 et
459 3465 495 3526 a,
513 3443 585 3508 62«
600 3443 781 3530 Sequemur
802 3441 901 3530 igitur
923 3439 986 3505 hoc
1003 3442 1136 3530 quidem

66 3611 134 3666 dicit
148 3610 183 3664 de
195 3609 255 3662 Fin.
270 3608 319 3671 IV,
336 3609 383 3673 18,
396 3608 463 3662 nibil
478 3627 556 3681 posse
576 3627 632 3662 esse
646 3607 754 3660 brevius
767 3623 775 3660 t
790 3631 803 3652 ι
813 3605 918 3659 nonum
932 3623 1027 3672 amne,
1042 3605 1136 3662 laude·

65 3695 137 3759 bile3
151 3692 378 3755 laudabileautem
387 3711 478 3757 omne,
492 3691 632 3746 honestum
643 3709 650 3744 ι
663 3690 746 3762 igitur
757 3707 836 3742 omne
845 3688 1138 3750 rasomonorum..

64 3779 110 3832 Ad
123 3795 184 3850 que
199 3777 346 3830 exclamat:
367 3799 379 3822 ι
393 3795 410 3828 o
421 3776 574 3848 plumbeum
585 3774 747 3846 pugionem!
760 3797 773 3818 n
795 3773 829 3824 ln
847 3771 890 3825 his
904 3773 1073 3826 consectariis
1087 3773 1137 3826 ha·

64 3861 163 3918 bendae
178 3861 230 3912 illa
248 3859 431 3914 conclusiones
446 3901 454 3926 ,
478 3879 544 3932 quas
562 3859 682 3921 leniore,
702 3855 874 3928 explicatiore
888 3867 915 3909 et
930 3855 1064 3909 ornatior-e
1077 3873 1139 3910 ora·

63 3949 144 4000 tione
158 3945 185 3998 in
201 3944 285 4015 [trimo
297 3944 406 4013 exponit
417 3943 555 3998 Paradoxo
566 3955 608 4010 ,et
622 3943 649 4014 in
665 3939 797 4001 seeundo,
813 3939 884 3996 unde
898 3940 956 4012 ipsa
969 3939 1013 3992 illa
1025 3938 1139 3992 arctiore

66 4047 149 4086 sensu
165 4027 235 4080 dicta
249 4025 386 4080 Paradoxn
397 4039 459 4082 nau
475 4041 544 4082 sunt.

143 4125 171 4190 I.
202 4133 250 4182 Cic.
265 4149 318 4180 nors
332 4133 407 4182 tertia.
951 4108 996 4182 30
