2776 4688
316 360 355 430 P.
379 361 621 430 VALENTIAE
647 360 925 433 ACADEMIGA.
1095 359 1142 434 65

81 483 131 562 ei,
145 482 201 569 qui
222 502 292 546 non
310 481 519 570 deposuerat,
537 481 686 546 restituit.
703 481 842 546 «Omnia
860 498 968 548 autem
987 483 1083 570 baec(
1099 485 1143 547 ait

82 591 189 652 Cicero
203 587 252 674 (r)
269 585 282 674 )
302 587 529 676 proferuntur,
560 586 701 651 utillud
726 585 899 670 efficiatur,
929 607 996 676 quo
1022 590 1141 656 certius

82 691 159 753 nihil
175 704 383 777 potestesse,
399 687 484 750 inter
494 689 560 751 visa
575 709 648 751 vera
665 705 697 752 et
713 689 790 752 falsa
806 687 848 752 ad
864 689 962 754 animi
974 712 1140 756 assensum

82 781 160 858 nibil
176 796 344 860 interesse.
368 793 435 856 Vos
456 810 563 858 autem
582 792 663 856 nihil
682 794 791 884 agitis,
808 818 911 882 quum
930 795 1006 862 falsa
1022 797 1076 862 illa
1093 796 1142 862 rel

81 900 296 982 furiosorum,
315 899 366 963 rel
383 889 630 980 somniantium,
646 899 869 964 recordatione
887 901 1032 989 ipsorum
1048 901 1143 966 resel-

81 1007 151 1070 litis.
167 1007 243 1070 Non
263 1007 349 1068 enim
368 1005 403 1068 id
429 1002 602 1092 quaeritur,
625 1005 726 1092 qualis
749 1005 930 1071 recordatio
955 1003 1022 1070 lieri
1043 1008 1143 1072 soleat

81 1135 191 1176 eorum
209 1112 265 1200 qui
284 1110 458 1199 experrecti
480 1125 572 1192 sunt,
590 1127 647 1173 aut
668 1133 782 1180 eorum
804 1112 860 1198 qui
882 1111 989 1176 furere
1011 1100 1142 1176 destite·
1202 1174 1206 1182 ,

81 1233 169 1299 runt,
187 1216 245 1282 sed
264 1216 367 1304 qualis
388 1216 468 1279 visio
492 1214 591 1278 luerit
610 1232 665 1279 aut
688 1217 883 1298 furentium,
901 1234 958 1282 aut
975 1218 1142 1282 somnian-

80 1323 177 1404 tium,
198 1340 272 1388 turn
293 1344 396 1410 quum
416 1321 740 1387 commovebantur.»
761 1321 911 1410 Namque
934 1346 1037 1411 quum
1062 1323 1143 1388 risio

80 1427 204 1511 aderat,
222 1451 321 1517 quam
341 1426 467 1490 Stoicus
486 1425 598 1493 falsam
610 1426 754 1510 judicat,
772 1427 966 1493 Academico
984 1451 1051 1504 non
1071 1429 1143 1518 qui·

81 1533 149 1598 deur
161 1534 335 1623 probatur,
352 1531 432 1595 nihil
441 1529 610 1595 differebat
621 1555 639 1595 a
649 1553 737 1615 vera,
752 1532 909 1620 quamdiu
923 1557 959 1598 ea
970 1533 1140 1600 allicimur.

81 1639 175 1722 Quod
188 1640 216 1705 si
227 1663 288 1704 nec
301 1654 413 1728 postea
427 1639 532 1704 visum
548 1637 583 1702 id
597 1655 782 1727 suspectum
800 1639 1007 1723 redderetur,
1024 1663 1084 1704 nec
1099 1641 1141 1706 ab

78 1746 133 1810 alia
156 1745 319 1834 probabili
335 1745 502 1834 phantasia
518 1759 575 1810 aut
596 1767 614 1806 a
636 1745 761 1809 ratione
784 1745 1003 1827 refelleretur,
1021 1769 1082 1810 nec
1107 1747 1141 1810 in

78 1869 303 1940 argumentum
318 1851 450 1939 quidem
467 1849 583 1918 adduci
601 1851 642 1914 ab
660 1849 859 1916 Academicis
880 1867 1017 1938 posset:
1037 1874 1140 1939 quum

78 1960 160 2022 enirn
177 1957 391 2023 Academicus
404 1957 541 2021 diceret:
552 1955 671 2021 «Vides
685 1957 752 2020 visa
759 1957 936 2021 furentium
953 1956 1031 2022 falsa
1045 1957 1140 2040 nibil,

79 2063 230 2150 quamdiu
244 2062 382 2145 adsunt,
395 2064 505 2144 araris
518 2062 669 2144 differre,
687 2061 744 2126 sed
758 2062 874 2127 eodem
886 2063 986 2127 modo
997 2062 1140 2146 afficere,
1185 2041 1188 2054 Ι

79 2192 133 2234 nec
150 2168 290 2234 discerni
307 2193 325 2234 a
340 2170 422 2232 veris
437 2167 572 2256 posset»
586 2167 712 2232 Stoicus
729 2169 790 2250 pisi
810 2186 841 2232 et
861 2169 930 2257 ipse
948 2169 999 2234 illa
1019 2171 1141 2258 impro-

78 2273 163 2338 baret
171 2291 205 2337 et
218 2274 295 2337 falsa
305 2272 445 2352 diceret,
457 2270 492 2335 id
502 2271 592 2358 quod
604 2273 783 2358 Epicureus
798 2271 1028 2360 responderet:
1043 2273 1138 2340 «Non

78 2380 192 2442 mirum
213 2379 278 2442 boc
293 2400 378 2459 esse,
402 2399 505 2465 quum
522 2397 559 2439 ea
576 2375 671 2438 etiam
689 2376 754 2440 risa
770 2398 845 2440 vera
863 2376 927 2440 sint
940 2408 962 2440 υ.
989 2377 1048 2448 Eo¹
1059 2401 1137 2468 ergo

77 2485 171 2549 modo
183 2481 369 2548 Academici
385 2477 479 2548 Nihil
488 2481 710 2568 comprehendi
718 2480 917 2563 decernunt,
933 2481 967 2546 id
986 2499 1049 2566 est,
1062 2507 1139 2572 pro·

77 2589 176 2654 babile
188 2607 324 2678 putant,
344 2587 435 2677 quasi
451 2587 594 2652 dicerent
608 2583 765 2672 (libenter
787 2587 982 2676 imaginibus
998 2589 1137 2670 utimur,

77 2719 174 2782 quum
188 2695 230 2760 de
244 2694 458 2784 imaginibus,
475 2691 590 2774 idest,
607 2691 647 2756 de
661 2693 835 2780 phantasiis
852 2715 960 2758 sermo
975 2693 1056 2778 sit),
1086 2717 1136 2764 res

76 2802 155 2888 ipsas
170 2800 260 2891 apud
274 2823 310 2866 se
326 2824 387 2866 suo
401 2822 564 2888 quamque
575 2797 720 2887 pondere
735 2821 820 2880 esse,
837 2797 895 2863 sed
911 2798 1032 2862 nullam
1048 2799 1136 2887 apud

75 2907 220 2974 homines
236 2932 307 2974 esse
326 2923 491 2989 stateram3
508 2907 576 2989 vel,
601 2928 704 2993 quum
726 2895 838 2969 verum
864 2923 897 2970 et
918 2905 1135 2972 adulterinum

75 3038 186 3080 aurunt
200 3017 260 3098 sit,
276 3012 369 3104 Lydii
379 3011 490 3103 lapidis
507 3035 575 3075 non
591 3003 660 3076 esse
673 3013 819 3099 copiam,
836 3013 879 3076 ita
892 3027 946 3088 ut,
975 3035 1013 3075 ex
1027 3013 1136 3076 colore

75 3120 281 3210 pondereque
296 3137 328 3184 et
339 3119 457 3184 duritia
465 3140 581 3182 aurum
593 3117 731 3206 probare
741 3116 791 3181 vel
803 3117 1000 3205 improbare,
1017 3118 1136 3205 proba·

75 3226 191 3315 bilique
208 3243 335 3291 tanttun
353 3249 433 3290 auro
447 3225 496 3288 uti
515 3225 557 3288 sit
574 3246 712 3288 necesse.
815 3306 816 3314 ἵ

117 3334 167 3421 37.
184 3333 346 3398 Adversus
363 3333 431 3396 baeo
452 3330 551 3395 Stoici
569 3330 668 3417 aliqui
682 3351 742 3393 nec
756 3327 911 3392 disserere
927 3327 1059 3415 quidem
1077 3353 1136 3394 ne·

74 3441 242 3504 cessarium
260 3457 317 3504 aut
336 3439 472 3528 dignum
496 3435 683 3500 ducebant:
704 3433 794 3523 quod
812 3434 893 3498 nibil
913 3450 996 3498 esset
1019 3435 1136 3501 clarius

75 3547 139 3634 ipsa
150 3557 280 3627 εναργιίᾳ,
298 3545 332 3609 id
348 3561 411 3627 est,
423 3542 670 3623 evidentia,sive
683 3541 991 3631 perspicuitate,qua
1009 3540 1131 3608 nullam

75 3658 275 3724 illustriorem
295 3652 475 3734 orationem
504 3647 636 3736 reperiri
663 3669 758 3736 posse
785 3645 944 3711 dicebant.
968 3647 1133 3734 Epictetus

75 3764 157 3853 apud
172 3763 344 3829 Arrianum
365 3755 411 3844 (a)
437 3756 483 3820 sic
505 3752 731 3818 Academicum
755 3752 931 3840 alloquitur
949 3775 956 3816 ι
974 3751 1134 3840 «Vigilate

12 4011 13 4064 l
107 4013 143 4076 (ι)
162 4014 188 4059 ln
199 4007 317 4064 Lucullo,
333 4020 387 4067 esp.
405 4004 445 4050 28.

106 4097 142 4163 (a)
159 4099 208 4148 Lib.
225 4099 248 4155 l,
261 4111 317 4158 cap.
328 4090 352 4152 5,
366 4107 421 4156 pag.
436 4091 478 4154 96.

146 4189 170 4255 l.
197 4201 244 4250 Cic.
255 4212 317 4266 pars
334 4193 408 4243 tertia.
