2784 4666
242 367 315 446 ti3t
587 350 634 426 Μ.
656 359 697 426 Τ.
721 351 965 426 CICERONIS

240 496 318 564 vite
337 485 488 562 societas
504 481 666 552 iniretur.
679 477 771 548 Nam
788 473 963 572 primum,
981 491 1029 540 ne
1043 488 1159 566 genus
1173 465 1310 539 huma-

242 625 331 674 num
352 592 524 694 temporis
550 585 812 684 longinquitate
837 579 1038 667 occideret,
1059 595 1218 678 propter
1236 579 1310 650 hoc

240 737 317 786 mas
341 729 425 781 cum
450 701 583 774 femina
605 709 660 768 est
687 695 924 790 conjunctus;
945 689 1078 761 deinde
1098 695 1220 760 'ut-ex
1241 689 1311 760 hac

241 821 366 896 ecdem
383 815 553 888 societate
570 803 783 880 mortaiibus
805 801 982 898 adjutoria
999 802 1221 886 senectutis,
1242 823 1311 870 nee

242 936 363 1008 minus
380 915 652 1026 propugnacula
665 926 924 1014 preparentur.
940 915 1032 980 Tum
1047 913 1176 995 etiam,
1192 931 1309 1006 quum

244 1047 360 1117 victus
372 1051 410 1108 et
424 1031 542 1106 cuitus
552 1027 734 1098 humanus
746 1047 838 1110 non,
856 1022 910 1092 uti
925 1019 1030 1106 feris,
1046 1021 1085 1090 in
1097 1015 1312 1116 propatulo,

244 1177 286 1228 ac
305 1139 525 1224 silvestribus
543 1137 649 1220 iocis,
673 1131 737 1207 sed
755 1131 855 1204 domi
881 1129 1067 1224 subtecto
1086 1127 1312 1199 accusandus
1384 1209 1385 1214 Ἰ

247 1250 599 1348 esset,neoessarium
613 1243 700 1331 fuit,
720 1243 936 1314 alterutrum
952 1237 1038 1310 foris
1056 1235 1205 1309 subdio
1218 1262 1312 1323 esse,

245 1373 309 1472 qui
327 1367 450 1441 iubore
468 1374 505 1433 et
525 1355 702 1428 industria
718 1361 965 1448 compararem
983 1351 1103 1438 intus,
1122 1347 1188 1443 qui
1209 1345 1312 1417 tectis

245 1477 460 1557 reconderet
470 1484 579 1568 atque
592 1461 811 1537 custodiret:
828 1460 859 1531 si
873 1451 1044 1557 quidem⁶
1058 1457 1117 1529 vei
1129 1457 1312 1542 rusticari,

247 1591 306 1666 rel
322 1587 525 1682 navigaret
537 1576 596 1648 vei
614 1576 722 1646 etiem
740 1570 810 1642 alio
825 1591 956 1666 genere
971 1568 1151 1666 negotiari
1171 1587 1314 1638 necesse

249 1716 345 1788 erat,
359 1711 401 1769 ut
422 1693 558 1788 aiiquas
578 1683 763 1758 facultates
781 1679 1070 1778 acquireremus3
1093 1700 1210 1774 quum
1229 1699 1314 1746 vero

250 1821 382 1914 paratae
412 1827 470 1876 res
490 1797 715 1872 subtectum
738 1803 858 1862 essent
879 1803 1076 1885 congestae,
1107 1787 1218 1858 aiium
1240 1809 1314 1856 esse

252 1919 435 2022 oportuit,
457 1913 521 2009 qui
548 1921 586 1980 et
605 1905 727 1976 eiiatas
748 1897 967 1987 custodiret,
993 1911 1030 1970 et
1060 1911 1181 1969 cetera
1208 1893 1315 1967 confi·

251 2045 486 2126 ceretopera,
499 2041 580 2116 quse
598 2013 696 2086 domi
710 2009 886 2082 deberent
902 2005 1157 2078 administrari.
1172 2007 1265 2076 Nam
1282 2019 1317 2075 et

254 2144 375 2237 fruges
386 2147 441 2224 ,et
460 2145 579 2208 cetera
593 2125 762 2197 alimenta
781 2119 963 2190 terrestria
975 2115 1192 2213 indigebant
1206 2132 1315 2204 tect03

255 2266 293 2322 et
307 2247 430 2319 ovium
445 2253 719 2329 ceterarumque
733 2225 913 2328 pecudum
929 2224 1038 2298 foetus
1059 2241 1171 2323 atque
1184 2225 1318 2298 frucms

257 2359 379 2432 clauso
402 2341 637 2422 custodienda
660 2353 785 2426 crant,
819 2357 887 2409 nec
909 2339 1030 2407 minus
1053 2335 1197 2434 reliqua
1216 2353 1314 2409 uten-

258 2467 354 2552 siiia,
381 2457 515 2559 quibus
541 2465 604 2525 aut
627 2449 735 2522 alitur
754 2447 945 2518 hominum
969 2469 1101 2544 genus,
1125 2461 1190 2518 ant
1217 2449 1316 2519 etiam

259 2561 471 2653 excoliturss.
497 2567 618 2654 Quare
641 2583 757 2656 quum
779 2573 816 2629 et
841 2580 1009 2654 operam,
1035 2570 1073 2628 et
1099 2555 1315 2654 diligentiam

257 2717 319 2777 ea,
333 2707 412 2785 quae
425 2673 697 2780 proposuimus,
717 2665 982 2754 desiderarent,
1003 2691 1073 2736 nee
1088 2667 1223 2764 exigua
1242 2691 1318 2738 cura

258 2802 344 2875 foris
370 2794 663 2889 acquirerentur,
685 2803 765 2878 quac
787 2775 888 2848 domi
912 2775 1086 2848 custodiri
1112 2791 1316 2875 oporteret:

261 2915 363 3012 jure,
384 2908 427 2976 ut
441 2899 533 2986 dixi,
556 2920 576 2966 a
594 2907 721 2965 natura
739 2895 946 2985 comparata
967 2899 1022 2960 est
1040 2911 1153 2986 opera
1170 2889 1318 2958 mulieris

263 3085 372 3144 trituret.
389 3086 429 3133 Ex
443 3077 483 3126 his
501 3069 634 3124 Schneider
644 3068 774 3118 arbitratur
817 3055 1035 3130 ucet'ttenopior
1048 3079 1055 3114 :
1069 3065 1113 3116 sed
1125 3064 1240 3132 pluribus
1252 3065 1319 3115 verbis

264 3165 357 3235 uliquid
366 3163 449 3212 deesse
456 3151 631 3219 Xenophontis
639 3147 774 3204 contextui,
817 3159 913 3193 sensum
922 3146 990 3193 vocis
1001 3144 1116 3194 rusticari
1125 3145 1225 3206 dilstst,
1235 3143 1274 3196 ssi
1281 3141 1318 3214 γἰρ

263 3253 329 3307 ὅπως
339 3247 376 3298 irs
387 3233 574 3310 ὸφιλιμῶτατον
584 3227 600 3297 ᾔ
611 3231 678 3301 αὐτῷ
688 3227 722 3287 eie
730 3229 774 3284 τὴν
815 3221 913 3287 ¹tieret,
922 3219 964 3273 καὶ
973 3222 1073 3292 σπόρος,
1084 3221 1128 3274 καὶ
1137 3221 1234 3289 quain,
1244 3229 1318 3272 rom

267 3325 402 3383 mutat.
419 3317 467 3369 sed
479 3316 564 3380 potius
578 3309 726 3359 credendum
741 3317 778 3357 est
819 3319 865 3369 pro
875 3301 961 3370 σπόρος
970 3289 1058 3352 Cicero
1068 3304 1130 3366 legit
1137 3301 1221 3371 πόρος.
1234 3303 1320 3351 Etisirs

267 3411 409 3463 Ciceronem
421 3412 472 3446 non
481 3393 583 3443 verbum
591 3389 668 3438 verbo
679 3405 776 3454 expres·
820 3399 897 3449 quum
915 3383 1001 3431 scribit
1021 3383 1130 3430 «ovium
1152 3393 1320 3446 serrarumque

213 3500 216 3508 ’
266 3481 393 3544 „irsffised
406 3471 678 3540 naeptessernina
690 3468 778 3516 dilatr-
821 3461 944 3528 pecudum
961 3461 1035 3510 ioems
1047 3473 1120 3524 atque
1138 3463 1264 3518 fmctnsu,
1279 3476 1320 3508 nor

268 3569 339 3616 vim,
353 3563 377 3612 J.
385 3559 419 3605 V.
435 3557 463 3604 u.
821 3541 933 3590 eumdem
946 3541 1014 3604 sequi
1026 3539 1146 3605 Xenoph.
1158 3551 1251 3589 textum
1263 3538 1319 3586 vids·

304 3645 331 3694 6,
350 3637 377 3687 Si
388 3633 494 3708 quidem.
510 3629 590 3679 Nobis
602 3627 688 3676 melior
704 3627 779 3674 inter·
823 3633 960 3680 tur,acnos
966 3619 1185 3683 hn.bemus,inquo
1195 3631 1232 3668 est
1238 3621 1319 3687 rupis

270 3721 372 3794 punctio
381 3713 513 3769 videretur,
533 3709 622 3757 sirute
640 3704 663 3754 si
683 3705 781 3771 quidem
823 3698 922 3758 τέκνων,
936 3697 1004 3762 quod
1017 3697 1107 3744 rectius
1117 3699 1225 3762 recipias
1235 3698 1320 3762 depos·

270 3813 365 3874 puncto
390 3793 496 3844 maximo
525 3788 730 3850 distingueretur,
753 3795 781 3833 ut
825 3781 951 3828 cisrecens
964 3777 1033 3825 ustis.
1048 3777 1075 3826 J.
1086 3780 1120 3826 V.
1134 3779 1164 3826 Ι..

270 3899 344 3935 voces
357 3878 405 3926 tile
422 3871 443 3920 si
458 3867 557 3934 quidem
571 3882 622 3915 non
635 3862 782 3930 procedenti
861 3859 887 3906 8.
898 3856 1032 3904 Exeoiitur.
1043 3857 1092 3904 Int„
1098 3857 1320 3918 Vertitur,etoortra

271 3962 409 4017 sententie,
423 3951 466 4001 sed
479 3946 606 4014 sequenti,
619 3944 782 4009 cohereren13
826 3936 902 4002 frigus
915 3931 1059 3983 defenditur.
1079 3933 1146 3980 Infra
1159 3949 1206 3998 pro
1218 3951 1236 3982 a
1247 3944 1319 3982 nomo

276 4056 305 4092 ur
314 4052 351 4092 ert
362 4041 388 4086 iu
401 4032 480 4099 geliic.
494 4043 556 4078 vers.
827 4031 907 4079 comp.
921 4011 1054 4060 Schneider
1066 4013 1094 4060 in
1105 4011 1237 4062 Coinmrii.
1249 4022 1320 4060 nemra

283 4137 287 4144 ·
310 4139 333 4183 7.
359 4116 404 4164 Vei
423 4108 550 4174 ηανίὅακ.
574 4105 612 4154 De
632 4100 785 4166 navigatione
828 4109 905 4161 comp.
914 4093 985 4142 mate.
999 4092 1023 4141 J.
1035 4093 1069 4140 V.
1084 4095 1113 4140 L.
