2744 4684
240 338 312 420 doo
577 327 626 400 Μ.
651 333 690 400 Τ.
717 325 960 399 CICERONIS

239 459 388 542 Nostra,
409 452 571 550 inquies,
589 454 666 525 sola
683 476 767 523 vera
788 467 883 524 suut.
909 455 1013 524 Certe
1035 449 1130 538 sola,
1152 449 1184 519 si
1202 471 1305 532 vera3
1357 493 1358 500 e

241 567 344 665 plura
357 565 453 636 enim
467 589 550 636 vera
562 563 801 661 discrepantia
814 586 890 634 esse
904 586 980 634 non
991 572 1153 658 possunt.
1172 563 1305 632 Utrum
1357 559 1358 566 ’

240 679 348 774 igitur
378 701 446 747 uos
475 674 704 772 impudentes
715 685 743 761 9,
779 674 843 770 qui
868 670 942 742 labi
967 669 1160 758 nolumus;
1185 695 1231 741 au
1250 669 1305 738 illi

242 798 467 881 arrogantes,
491 788 555 881 qui
577 784 645 880 sibi
664 781 924 882 persuaserint,
946 783 1037 852 seire
1057 803 1095 850 se
1114 778 1212 850 solos
1231 801 1306 847 om-

242 897 326 966 nia?
347 899 428 968 Non
454 919 512 964 me
538 892 704 992 quidem,
725 893 844 989 inquit
857 902 907 980 ¹⁰,
928 889 990 962 sed
1012 887 1211 988 sapientem
1227 885 1306 957 dico
1357 951 1358 972 p

243 1009 343 1077 scire.
373 1006 519 1101 Optime
535 1014 589 1074 ¹¹:
612 1026 744 1101 nempe
767 1005 834 1073 ista
851 1002 958 1088 seire,
978 1023 1059 1098 quae
1077 1012 1165 1069 sunt
1187 1000 1224 1067 in
1247 1009 1307 1065 tua

243 1112 442 1210 disciplina.
478 1117 555 1183 Hoc
584 1114 742 1210 primum
766 1109 873 1208 quale
898 1123 975 1195 est,
1003 1132 1122 1180 anon
1150 1108 1307 1204 sapiente

244 1223 414 1321 explicari
436 1223 648 1322 sapientiam
662 1223 716 1292 ¹⁹?
742 1221 812 1294 Sed
839 1219 1062 1293 discedamus
1083 1243 1106 1290 a
1128 1216 1308 1288 nobismet

243 1337 330 1433 ipsis
342 1343 353 1376 ¹
360 1331 374 1377 ³
390 1361 398 1403 :
416 1331 461 1405 de
483 1337 643 1431 sapiente
664 1333 877 1430 loquamur;
899 1329 944 1402 de
959 1353 1035 1427 quo
1050 1327 1121 1425 (ut
1131 1349 1226 1424 saepe
1237 1325 1308 1420 jam

246 1443 343 1541 dixi)
361 1444 480 1515 omnis
497 1443 573 1514 haec
591 1444 741 1541 quaestio
762 1455 825 1514 est.
1357 1441 1358 1454 ¹

184 1566 232 1618 116
293 1559 337 1625 In
363 1545 435 1625 t'res
455 1555 564 1652 igitur
587 1568 706 1653 partes
727 1568 796 1624 eta
816 1550 1015 1649 plerisque,
1037 1561 1111 1620 eta
1131 1543 1308 1616 nobismet

245 1666 331 1761 ipsis
350 1662 541 1736 distributa
556 1665 730 1761 sapientia
748 1676 812 1734 est.
832 1663 991 1732 Primum
1012 1681 1119 1754 ergo,
1134 1658 1164 1725 si
1178 1653 1307 1751 placet,

246 1797 326 1870 quae
351 1773 397 1844 de
419 1788 547 1846 natura
567 1797 690 1846 rerum
715 1785 801 1844 sunt
824 1771 989 1868 quaesita,
1014 1760 1223 1852 videamus;
1239 1761 1308 1844 vel,

245 1911 288 1966 ut
316 1895 405 1966 illud
431 1895 574 1967 ante14.
608 1899 717 1968 Estne
742 1895 935 1993 quisquam
960 1905 1060 1961 tanto
1087 1886 1236 1959 inllatus
1260 1907 1308 1954 er-

247 2087 286 2151 pti
312 2096 337 2136 et
359 2099 428 2136 retur
450 2088 561 2152 impressi
585 2087 740 2136 consentiunt
747 2099 757 2147 3
840 2087 881 2134 13.
898 2086 922 2131 A
935 2079 1128 2144 mihimetipsi.
1143 2079 1241 2128 intutu
1254 2093 1308 2126 oon·

247 2163 323 2212 modo
340 2168 485 2215 recentiores
504 2166 615 2230 quedam
631 2167 689 2217 edd.
705 2169 760 2215 An·
801 2163 892 2224 iectura
901 2159 1309 2223 Derienavobiemetipeienmrn

247 2240 348 2290 cloelia.
361 2244 393 2292 G.
803 2242 899 2305 vulgate
915 2239 982 2288 idem
998 2248 1085 2299 notet,
1102 2249 1177 2301 etque
1186 2269 1195 2293 ,
1212 2253 1250 2286 ιι
1263 2250 1308 2284 non

283 2333 310 2383 9.
322 2319 373 2368 Nos
384 2320 559 2386 impudentes..
571 2355 577 2368 .
592 2339 627 2370 an
640 2323 678 2371 illi
687 2339 760 2370 arru-
802 2319 950 2386 sapientibus
961 2339 984 2367 ι.
1001 2318 1123 2366 Inurbane
1141 2321 1219 2381 igitur
1233 2327 1308 2364 auctor
1357 2325 1358 2330 ’

246 2409 343 2462 genus.
358 2397 441 2446 Lamb.
451 2399 612 2464 impmdentes
622 2417 631 2448 .·
643 2410 716 2465 etque
726 2402 759 2449 ita
801 2399 957 2462 loquentum
972 2407 1045 2460 etque
1057 2396 1114 2444 ideo
1128 2413 1162 2444 ne
1176 2397 1251 2444 latine
1261 2395 1309 2458 qni·

247 2476 323 2525 Paria.
343 2485 367 2534 4.
387 2480 535 2540 Perpetem:
553 2493 678 2544 eomparee
695 2479 759 2526 enim
803 2477 873 2541 dem,
888 2493 963 2542 quum
981 2488 1030 2524 met
1045 2476 1081 2524 eie
1094 2491 1197 2540 proteus
1209 2473 1309 2524 abnnda-

248 2571 322 2620 aopra
333 2553 348 2619 S
361 2564 419 2612 rra.
430 2556 461 2604 G.
802 2569 847 2608 ret.
861 2559 893 2606 G.

286 2649 325 2682 ro.
338 2634 431 2699 Inquit.
440 2635 557 2684 Secunde
566 2649 678 2700 pereunte
688 2636 757 2692 loeo,
842 2645 883 2694 rt.
903 2633 1010 2685 Primum
1027 2651 1099 2700 erpo.
1109 2671 1116 2684 .
1126 2667 1153 2684 ..
1170 2633 1307 2686 videamus;

248 2713 374 2778 uterepius
385 2715 532 2763 notavimus.
546 2715 578 2764 G.
803 2716 861 2775 vel,
871 2725 898 2763 ut
906 2715 1040 2771 illudente,
1051 2713 1216 2762 Dierinximue
1225 2713 1306 2766 pelet,

287 2808 326 2840 rr.
347 2791 443 2857 Optime
456 2808 488 2840 ex
502 2793 579 2840 ironia
592 2795 708 2858 positum.
724 2797 761 2844 Ite
804 2792 873 2858 quod
891 2793 965 2858 vulgo
982 2809 1031 2842 una
1050 2809 1111 2842 voce
1127 2793 1261 2842 scribitur:
1277 2791 1307 2837 eie

249 2869 302 2920 rin.
319 2873 359 2932 11,
376 2873 393 2930 4
411 2886 453 2920 ra.
470 2873 507 2920 Ite
523 2871 607 2920 melius
621 2873 703 2922 Diria.
717 2875 759 2931 11,
805 2873 862 2920 ferri
875 2871 936 2920 hene
948 2883 1098 2934 eopetentem
1109 2874 1256 2936 eerlptorun
1265 2869 1309 2918 edi·

253 2952 294 3006 rs,
305 2951 347 2998 35.
359 2949 677 3014 Optimurdeniqueeodem
686 2951 761 3000 modo
805 2963 935 3015 torumque
963 2962 1023 3000 vett.
1050 2953 1161 2999 omnium
1190 2951 1308 3000 lectione!

250 3029 391 3093 sepissime.
403 3029 435 3077 G.
805 3045 877 3095 poene
886 3041 1008 3094 putemne.
1017 3029 1130 3078 Notandr
1140 3031 1207 3078 enlm
1216 3029 1309 3095 pertim-

290 3123 329 3156 ra.
340 3109 363 3154 A
373 3123 421 3156 nort
428 3106 538 3173 sapiente
544 3107 665 3175 explicari
669 3109 763 3174 sapien·
805 3107 836 3157 le
845 3108 890 3158 vet
896 3110 923 3156 in
932 3108 1072 3172 corrigenda
1084 3111 1204 3158 sententia
1213 3120 1309 3175 potestis

252 3187 321 3236 tiam.
334 3191 370 3236 Ita
388 3191 448 3248 mei,
462 3199 549 3253 preter
562 3190 592 3240 fr.
608 3191 665 3238 eod.
679 3189 763 3253 quod,
807 3199 857 3250 eet,
868 3203 915 3252 qm
929 3203 976 3252 pro
988 3187 1032 3236 vel
1042 3189 1122 3252 petiae
1135 3189 1245 3252 ponitur.
1262 3186 1309 3235 rti-

253 3267 372 3330 expliearr'
387 3267 536 3332 eapientem
558 3281 691 3318 eorreetum
710 3269 764 3332 qul·
806 3266 868 3332 lipp.
878 3267 918 3326 11,
932 3283 972 3326 ra,
983 3267 1031 3326 303
1042 3269 1110 3316 Brut.
1121 3264 1167 3328 57,
1178 3283 1227 3330 207
1235 3285 1243 3324 ;
1251 3269 1308 3314 01¹¹.

255 3345 310 3392 dem
327 3347 456 3393 recentiori
475 3361 573 3396 manu:
596 3347 639 3394 eed
657 3347 690 3394 io
709 3363 763 3395 enm
809 3344 1309 3407 53,r77.siboeloeorooieemrlenvim

254 3425 316 3470 ven·
329 3431 406 3484 1494,
416 3427 473 3474 Aac.
483 3426 548 3476 Cret.
559 3425 619 3475 editi
628 3437 688 3476 vett.
698 3442 765 3484 eom·
808 3425 910 3484 tubeae,
924 3427 1030 3490 eogitaeo
1044 3425 1127 3474 denuo
1139 3426 1218 3474 verbe
1231 3423 1310 3472 videa·

256 3497 344 3564 ploret.
363 3499 437 3562 Quod
458 3517 509 3550 nou
529 3503 600 3568 plene
619 3505 765 3566 abieeerim:
809 3521 876 3564 error,
894 3515 958 3553 certe
970 3505 1050 3554 multo
1062 3505 1244 3554 melioreeneus
1255 3501 1309 3551 exti-

254 3578 360 3640 epertiur
372 3579 436 3626 euim
449 3579 483 3628 sio
497 3576 614 3650 didpuper
627 3585 699 3634 foret.
712 3585 764 3632 No·
808 3585 867 3644 etit,
889 3599 962 3649 quam
983 3583 1102 3647 vulgate,
1127 3585 1171 3648 qui
1189 3599 1231 3642 ‚ese
1251 3595 1310 3647 pm

254 3656 334 3704 vimus
350 3654 448 3732 quidem
461 3658 496 3705 rio
509 3661 563 3708 VV.
577 3665 633 3711 ΠΙ).
647 3677 698 3711 non
711 3655 764 3727 ple·
808 3661 897 3712 nullm.
916 3665 977 3711 Em.
995 3679 1051 3712 eum
1070 3665 1171 3712 Daniele
1190 3665 1260 3722 feeit,
1276 3660 1309 3725 qui

255 3747 324 3793 cere,
342 3733 385 3796 qui
402 3735 473 3782 etiem
486 3737 580 3788 Aeadd.
600 3743 624 3799 1,
637 3757 665 3798 a,
682 3757 705 3804 7,
719 3741 762 3802 in,
808 3757 894 3790 venem
920 3741 985 3790 illud
1011 3753 1068 3790 arete
1090 3743 1222 3804 oonieelt:
1251 3739 1309 3806 quod

254 3811 414 3861 Academiam
441 3815 582 3878 explicare,
604 3819 703 3868 herent.
731 3824 764 3870 At
808 3819 1004 3870 ediditllileeu.
1017 3822 1065 3870 Sed
1078 3823 1124 3870 ieta
1138 3837 1197 3886 vega
1214 3821 1309 3875 retium,

254 3903 393 3957 opportune
407 3893 433 3940 in
444 3905 549 3944 mentem
558 3899 623 3947 venit
637 3902 705 3948 Oret.
720 3915 763 3958 ao,
809 3902 829 3947 ei
843 3899 882 3948 rel
898 3916 981 3948 rernm
993 3902 1112 3964 tetigeris,
1127 3912 1223 3962 umen,
1238 3917 1269 3948 an
1278 3915 1310 3946 re·

254 3971 304 4019 ὁδε
318 3994 329 4016 ι
340 3972 440 4022 Orator.
452 4007 458 4020 .
470 4008 476 4020 .
488 3976 658 4038 explicandus
672 3990 708 4027 eet
720 3994 765 4028 uo·
807 3995 861 4027 rom
872 3979 1113 4042 eit,neeeiee.1ntam
1126 3981 1251 4030 faciliores
1260 3978 1309 4024 loeo

254 4047 326 4098 ¹²1⁸·-
340 4051 369 4100 G·
809 4057 871 4107 ultre
884 4059 1013 4123 querenda
1025 4075 1076 4112 nou
1087 4071 1131 4108 eet.
1145 4059 1234 4108 Omne·
1245 4058 1308 4106 aiau
1357 4073 1358 4112 3
