2776 4688
294 399 332 464 r.
358 395 598 465 vaunnam
622 395 902 466 scanamcs.
1086 392 1130 490 75

67 525 226 616 permittit
243 547 252 592 t
268 525 313 592 ita
328 541 367 590 ut
384 548 451 590 non
470 524 655 592 indistracta
669 525 835 614 phantasia
852 524 910 606 sit,
923 547 1010 612 que,
1027 547 1131 614 quan·

70 633 184 702 tumris
207 631 332 720 reliqua
356 632 585 714 consentiant,
615 631 770 721 opinione
792 631 899 719 aliqua
926 630 1131 718 impediatur.

67 738 299 822 Apertipastos
331 758 434 818 vero,
464 753 497 802 et
523 737 786 818 Perindeumene,
818 737 884 800 sive
910 735 1135 800 Enodeumenc

70 841 183 926 (idern
203 842 292 905 enim
307 841 376 906 hec
392 839 460 904 duo
478 841 574 908 rerba
591 833 805 932 significant),
820 838 933 923 idest,
948 841 1135 905 indutracta

67 963 98 1012 et
106 945 321 1036 perlustrata,
335 947 501 1042 phantasia
512 949 655 1036 primum
667 948 903 1035 probabilitatis
909 949 1018 1013 locum
1030 963 1138 1029 tenet,

70 1053 310 1140 majoremque,
325 1075 424 1140 quant
439 1075 476 1118 ea
498 1075 570 1142 quoe
589 1054 802 1143 apetispastos
821 1069 950 1118 tantum
967 1053 1023 1135 sit,
1038 1052 1136 1117 fidem

69 1173 229 1222 merentr.
242 1158 394 1245 Namque
409 1158 526 1224 accidit
541 1175 580 1224 ut
590 1176 724 1249 propter
742 1183 810 1224 rem
829 1183 897 1223 non
913 1160 988 1224 satis
1004 1159 1141 1224 circum·

71 1279 238 1350 spectatu,
262 1265 436 1352 minusque
453 1263 589 1330 'attente
620 1267 746 1355 singula
775 1286 912 1354 quaeque
940 1265 1142 1345 examinata,

71 1369 274 1456 phantasiam
292 1368 432 1458 aliquam
451 1371 540 1437 nulla
552 1395 587 1436 re
602 1371 753 1461 impediri
771 1371 910 1460 ideoque
922 1373 1142 1460 aperispaston

72 1475 142 1561 quis
151 1473 280 1554 judicet
295 1497 333 1540 ac
348 1476 485 1564 probet,
499 1493 532 1542 et
542 1477 677 1542 minime
688 1474 815 1542 fidelem
828 1493 992 1564 sequatur.
1007 1481 1051 1540 At
1063 1476 1143 1539 visio

74 1601 108 1642 ea
125 1603 200 1668 quae
222 1583 359 1669 singulis
380 1582 566 1671 quibusque
591 1605 663 1670 quae
680 1583 764 1648 circa
791 1605 930 1671 quaeque
947 1600 1035 1647 extra
1049 1597 1144 1662 sunt,

74 1686 182 1751 animo
209 1711 247 1753 ac
274 1703 385 1752 mente
408 1689 609 1776 perlustratis
637 1704 825 1777 attenteque
853 1688 1093 1775 circumspectis
1112 1704 1146 1750 et

74 1791 299 1876 consideratis,
312 1795 401 1860 nulla
416 1797 466 1860 vel
481 1796 614 1863 minima
629 1817 664 1860 re
680 1795 830 1883 impediri
844 1795 1061 1883 comperitur,
1082 1793 1146 1857 fide

75 1897 263 1986 dignissima
278 1915 328 1964 est
346 1915 379 1964 et
394 1901 528 1965 minime
549 1901 655 1966 fallax.
679 1901 756 1964 Haec
779 1916 888 1964 autem
906 1923 943 1964 ea
959 1915 1008 1964 est
1026 1899 1069 1964 dc
1083 1921 1146 1987 qua

76 2005 217 2091 agimus,
246 2026 385 2092 quaeque
399 2029 438 2070 ex
451 2006 515 2070 hoc
530 2007 663 2074 uomina
682 2007 742 2070 ista
761 2021 809 2069 est
832 2004 964 2092 adepta,
985 2021 1022 2068 ut
1042 2009 1146 2093 aperi·

77 2127 196 2196 spossus
206 2111 449 2196 periodeumene
469 2111 609 2176 dicatur.
636 2113 745 2200 Atque
763 2113 847 2174 hanc
868 2111 1068 2200 phantasiam
1086 2110 1146 2174 illis

78 2212 161 2302 apud
181 2216 375 2286 Ciceronem
389 2216 436 2304 (1)
455 2218 560 2283 verbis
587 2217 796 2308 significatam
818 2217 965 2282 existimo
984 2241 991 2281 ι
1007 2217 1089 2280 «Sin
1108 2239 1146 2280 ex

80 2321 368 2410 circumspectione
386 2324 491 2412 aliqua
505 2342 538 2389 et
553 2340 703 2388 accurata
721 2323 980 2388 consideratione
996 2323 1087 2411 quod
1102 2323 1149 2386 vi·

80 2451 148 2494 suns
164 2431 223 2510 sit,
240 2430 275 2494 id
292 2453 328 2496 se
342 2429 452 2496 dicent
463 2433 555 2521 sequi
570 2430 779 2518 [Academici
793 2433 804 2520 ]
816 2465 837 2495 ι.

119 2533 172 2612 48.
191 2535 297 2618 Quale
313 2553 421 2600 autern
435 2559 584 2618 examen,
600 2538 796 2625 qualemque
806 2537 904 2600 animi
916 2536 1147 2618 attentionem,

81 2662 244 2729 quamque
257 2641 444 2732 diligentem
460 2645 786 2732 circumspectionem
796 2693 805 2725 ,
815 2659 853 2708 ut
863 2644 945 2708 risio
957 2641 1147 2722 hujusmodi
1166 2687 1170 2698 ·

82 2744 229 2828 exsistat,
251 2746 406 2812 adhihere
425 2765 588 2837 oporteat,
621 2748 865 2838 diligentissime
891 2747 1020 2812 docent.
1049 2747 1149 2810 Aiunt

83 2851 181 2936 emm,
196 2876 302 2941 quum
320 2855 425 2920 visum
442 2855 574 2944 aliquod
591 2854 746 2934 iudicium
763 2856 868 2936 subit,
887 2854 989 2918 multa
1002 2852 1149 2917 conside·

84 2957 179 3023 tanda
193 2961 391 3026 convenire:
412 2962 555 3049 primum
570 2962 723 3049 quidem,
750 2964 1005 3026 instrumentum
1020 2961 1148 3047 ipsum,

86 3085 148 3149 quo
161 3063 322 3144 judicium
337 3064 389 3147 fit,
412 3057 490 3154 puta
505 3067 593 3130 risus
612 3068 781 3155 oculique,
797 3089 878 3130 num
895 3066 1034 3154 caligent
1047 3065 1149 3127 hehe·

87 3183 168 3233 teste
184 3169 270 3252 sint3
299 3171 460 3255 secundo,
477 3173 545 3260 ipsa
561 3195 611 3236 res
630 3195 702 3260 quae
720 3172 822 3236 oculis
841 3170 1029 3250 subjicitur,
1046 3191 1087 3231 an
1105 3169 1149 3233 ita

9 3333 10 3352 ,
86 3293 177 3360 parta
193 3277 236 3341 sit
252 3293 351 3365 atque
364 3278 467 3360 exilis,
484 3295 522 3342 ut
537 3277 627 3343 facile
640 3279 747 3343 risum
761 3277 870 3341 fallere
886 3275 1067 3340 existimare
1079 3275 1151 3363 quis
1251 3339 1257 3348 ,

9 3465 10 3472 ¹
87 3381 199 3469 possit3
220 3383 334 3464 tertio,
351 3384 566 3448 circumfusus
582 3407 651 3467 aer,
670 3407 750 3448 num
770 3383 984 3476 obscurusac
999 3381 1147 3464 nubilus;

9 3507 10 3568 ,
88 3482 200 3552 deinde
222 3488 446 3572 intervallum,
469 3513 510 3554 an
533 3491 630 3554 nimis
657 3491 754 3579 longe
779 3511 830 3552 res
856 3488 970 3569 distet;
992 3489 1084 3552 locus
1113 3488 1147 3551 in

9 3573 11 3646 l
89 3612 153 3677 quo
166 3593 235 3682 ipsa
254 3615 305 3658 res
328 3595 430 3678 jacet,
447 3619 526 3660 num
548 3596 625 3684 quia
647 3597 692 3660 rei
712 3595 881 3677 concolor,
900 3609 956 3658 aut
971 3610 1149 3673 natusest,

90 3713 144 3762 aut
164 3699 225 3764 alia
245 3701 372 3765 ratione
390 3701 541 3793 quapiam
565 3701 612 3766 rei
631 3724 739 3766 veram
760 3701 874 3766 faciem
892 3691 988 3784 celet3
1004 3715 1149 3787 tempus,

9 3849 10 3868 i
90 3801 116 3864 ti
135 3805 228 3870 nimis
244 3807 285 3872 sit
304 3808 479 3894 exiguum,
499 3821 537 3872 ut
551 3829 621 3872 rem
640 3807 715 3872 satis
730 3807 911 3896 perspicere
930 3829 997 3870 non
1011 3803 1147 3868 licuerit.

93 3906 147 3970 Rei
162 3909 260 3997 ipsius
274 3911 403 3976 allectio
417 3928 514 4000 atque
529 3911 680 3993 hahitus3
697 3928 735 3976 ut
751 3912 778 3975 si
795 3926 957 3999 quaeratur
970 3909 1065 3997 quale
1081 3907 1150 3970 ani·

128 4115 164 4182 (r)
178 4123 204 4170 In
216 4121 329 4182 Lucullo,
344 4139 397 4186 cap.
413 4139 452 4171 rt.
