2762 4682
228 353 295 426 166
563 355 611 420 M.
637 351 675 420 T.
705 348 950 420 CICERONIS

222 476 278 548 bis
293 470 441 572 quidem
457 469 719 544 assentiebatur
733 495 740 538 :
754 493 838 539 nam
855 481 892 538 et
905 463 1211 564 perturbationes,
1224 487 1297 533 vo-

224 585 395 658 luntarias
404 607 480 654 esse
492 580 663 680 putabat,
674 579 930 678 opinionisque
942 574 1081 673 judicio
1088 583 1122 632 ²9
1139 573 1298 670 suscipi,

225 710 261 768 et
292 695 454 767 omnium
487 690 802 790 perturbationum
832 685 1073 760 arbitrabatur
1105 709 1181 756 ease
1212 707 1299 754 ma-

225 821 317 876 trem
326 802 370 894 ³⁰,
383 801 655 874 immoderatam
666 798 859 900 quamdam
873 799 1198 896 intemperantiam.
1208 799 1302 865 Haee

225 913 301 988 fere
316 913 362 986 de
377 911 552 985 moribus.

272 1028 333 1095 XI.
363 1026 418 1094 De
444 1022 583 1093 naturis
607 1035 729 1093 autem
752 1023 803 1091 sic
829 1015 1028 1104 sentiebat,
1051 1017 1234 1116 primum,
1254 1027 1302 1084 ut

225 1147 383 1234 quatuor
400 1134 511 1204 initiis
523 1157 645 1204 rerum
666 1131 736 1202 illis
750 1131 915 1228 quintam
933 1125 1027 1199 banc
1042 1141 1232 1212 naturam,
1251 1147 1302 1195 ex

225 1269 299 1343 qua
328 1247 535 1342 superiores
561 1265 688 1314 seusus
718 1257 756 1314 et
791 1251 951 1312 mentem
978 1235 1071 1310 effici
1098 1233 1303 1320 rebantur,

225 1379 301 1426 non
312 1351 530 1425 adbiberet¹.
543 1350 730 1425 statuebat
746 1353 844 1423 enim
861 1350 983 1448 ignem
1003 1372 1080 1420 esse
1099 1349 1216 1445 ipsam
1230 1368 1302 1416 na·

226 1479 370 1553 turam,
401 1487 480 1560 quae
505 1462 667 1561 quidque
698 1465 882 1560 gigneret,
910 1473 947 1531 et
973 1473 1157 1546 mentem,
1182 1468 1302 1554 atque

227 1585 389 1646 seusus².
411 1572 645 1672 Discrepabat
679 1576 786 1644 etiam
815 1570 861 1642 ab
893 1568 1043 1656 iisdem,
1069 1564 1169 1664 quod
1192 1565 1301 1637 nulio

228 1794 275 1841 Per
288 1807 313 1840 ae
328 1791 428 1856 quidem
447 1792 538 1858 optime
551 1808 560 1839 :
578 1807 633 1840 nam
647 1792 738 1856 ubique
817 1793 862 1840 Π.
876 1807 897 1840 r.
910 1791 941 1838 Ut
954 1799 1060 1853 quatuor
1068 1786 1143 1836 initiis
1156 1799 1243 1835 rerum
1252 1783 1303 1833 illia

228 1872 305 1920 Cicer.
319 1887 426 1935 praepoa.
440 1873 537 1936 repetit.
552 1871 685 1920 Seddatur
694 1887 739 1919 ex·
782 1870 894 1935 quintam
905 1868 970 1917 bunc
983 1880 1049 1918 nat..
1060 1901 1084 1915 ..
1099 1882 1149 1916 aon
1162 1864 1302 1914 adsim

229 1951 318 2015 ceptio.
334 1948 407 1998 Haud
421 1949 486 1997 enirn
500 1950 542 1998 ilie
554 1949 694 1998 obaerraaae
704 1951 749 1997 ri·⁴
783 1953 862 2014 Prtep.
873 1949 988 2013 iuquam
997 1947 1109 2012 plerique
1118 1945 1193 1994 codd.
1203 1944 1300 1993 atedd.

229 2027 456 2092 detur,poatpoaita
464 2029 546 2092 priore
559 2029 740 2095 prepositioue,
783 2039 843 2078 vett.
856 2039 914 2094 poet
926 2027 1073 2086 meddam,
1086 2025 1155 2074 abeat
1171 2021 1203 2072 ab
1213 2023 1301 2072 Ursini

231 2107 312 2155 omitti
330 2105 429 2154 alteram
447 2108 540 2156 auctori
561 2109 648 2156 aciere.
661 2108 741 2158 Nobia
783 2108 887 2172 aeripto,
900 2107 931 2156 ab
949 2109 1055 2156 Aaoena.
1067 2115 1171 2168 utraque
1189 2114 1217 2152 et
1231 2104 1301 2152 Crat.

150 2195 154 2216 ⁴
231 2184 743 2251 certa,iniatamrematteutia,exempium,
783 2197 849 2236 recte
862 2187 939 2235 deleta
954 2187 1068 2250 peaErn.
1078 2183 1180 2245 jubente
1188 2182 1301 2230 Daviaio.

231 2281 282 2329 quo
300 2262 346 2311 alia
366 2263 530 2350 edoceremqr,
551 2266 644 2315 nullum
667 2267 739 2314 inuo-
784 2268 847 2317 Nam
863 2266 1015 2315 constructio
1026 2263 1104 2313 alicui
1116 2263 1217 2328 aliquid
1227 2261 1303 2311 adti-

232 2345 287 2393 tuit.
300 2345 331 2393 G.
784 2347 839 2396 bere
846 2346 924 2411 proba
933 2355 978 2406 eat,
986 2357 1010 2394 et
1020 2344 1078 2392 aetia
1088 2345 1213 2408 suaquarta,
1223 2357 1301 2406 quum

267 2438 311 2486 ap.
328 2422 497 2490 opinionisque
504 2423 742 2491 judiciuolimeda·
785 2437 871 2476 centn
892 2427 917 2475 in
935 2425 960 2475 b.
975 2425 995 2475 1.
1007 2425 1098 2474 turbet.
1118 2423 1167 2471 Sed
1186 2436 1239 2471 uon
1252 2435 1301 2486 pro

232 2501 304 2549 batur
315 2501 555 2568 opinionesqueaaed
561 2515 625 2552 recte
632 2506 682 2566 jam
690 2503 741 2550 Pet.
785 2504 946 2554 adderent.
960 2505 1074 2569 ponitur,
1093 2519 1170 2568 quum
1186 2500 1301 2549 abaolute

232 2581 309 2629 Faber
333 2581 433 2642 suadet,
465 2582 532 2648 quod
554 2593 643 2647 praeter
666 2581 741 2631 Paiat.
786 2583 881 2632 dicatur
896 2598 943 2649 pro
956 2582 1109 2632 adhibet-ein
1128 2578 1300 2637 midumia

231 2670 360 2726 unumque
377 2661 463 2726 acripti
477 2663 524 2710 mei
545 2677 643 2722 omnes,
653 2671 743 2710 etcum
785 2661 927 2722 eonsilium,
941 2673 969 2711 ut
985 2677 1059 2727 aepe.
1071 2661 1123 2710 Off.
1134 2661 1190 2724 111,
1207 2674 1260 2720 ao,
1273 2661 1303 2718 3,

232 2739 307 2790 Tum
321 2739 403 2804 piurea
420 2740 477 2789 edd.
489 2752 549 2792 vett.
565 2741 684 2805 prebent.
701 2740 741 2789 cf.
785 2753 833 2792 etc.
842 2743 914 2790 Hane
922 2743 1058 2807 opponitur
1064 2740 1120 2799 titis,
1128 2741 1222 2804 quippe
1231 2737 1300 2802 quod

232 2819 363 2879 Tuae.1V‚
377 2819 425 2875 st,
442 2821 562 2869 81.0rat.
573 2823 599 2880 1,
615 2821 660 2877 ab,
677 2821 742 2879 roe,
785 2821 818 2870 ad
829 2822 932 2886 propina
949 2821 1076 2869 referatur.
1093 2818 1215 2882 Loquitur
1234 2817 1300 2864 enim

232 2906 305 2962 atque
314 2897 376 2946 adeo
385 2901 498 2959 Toacv,
509 2901 551 2961 26,
566 2900 611 2961 73,
626 2899 744 2962 iudicium
786 2901 865 2950 Cicer.
875 2901 907 2949 de
917 2901 1005 2964 quinto
1017 2897 1155 2948 Aristotelia
1169 2897 1302 2954 eleanent03

224 2973 340 3039 serarum
354 2976 453 3026 dicitur.
465 2979 499 3026 G.
518 3005 553 3015 --
574 2978 645 3044 Opia.
661 2978 744 3044 judic.
786 2979 837 3029 vid.
847 2995 921 3044 supra
934 2996 958 3040 7,
968 2978 1010 3028 26.
1021 2978 1160 3043 Superiores
1168 2976 1248 3041 igitur
1254 2975 1300 3024 aoli

232 3055 323 3104 Merito
334 3073 348 3104 a
359 3057 453 3106 Galeno
461 3057 503 3122 (de
513 3057 614 3106 &creda
622 3058 743 3122 Hippocr.
786 3057 812 3106 b.
824 3057 842 3106 Ι.
857 3057 947 3106 debent
955 3073 1007 3106 eaae
1020 3056 1182 3121 Peripatetici.
1195 3057 1228 3106 G.

233 3143 257 3180 et
267 3133 346 3202 Plat.)
360 3135 500 3184 Stoicorum
513 3133 544 3183 de
555 3135 744 3200 perturbationi·
823 3152 847 3185 a.
870 3139 903 3184 Et
912 3147 1017 3185 merrtem
1030 3147 1104 3202 atque
1116 3149 1209 3184 sensus.
1223 3134 1299 3184 Poni-

235 3211 281 3260 bua
294 3214 413 3262 mutantia
425 3215 572 3278 exagitatur,
590 3222 614 3261 et
632 3225 744 3273 vexatur,
788 3227 829 3264 tur
840 3227 867 3264 et
875 3231 921 3281 pro
932 3217 1048 3275 autemut
1061 3215 1122 3263 locia
1138 3229 1208 3279 paene
1225 3215 1299 3262 inaru-

234 3291 423 3340 exiatimaratium
440 3310 480 3341 eaa
496 3293 597 3341 rationis
614 3301 639 3340 et
657 3291 744 3352 judicii
787 3297 868 3344 meria.
888 3298 922 3346 G.
937 3321 973 3333 -
992 3297 1097 3345 Mentem
1114 3305 1188 3359 atque
1205 3308 1300 3342 nurus.

234 3371 744 3436 meqnummutanesquaedamtnepania
787 3375 859 3422 Mam
877 3374 956 3432 euim,
974 3388 1072 3432 waram,
1085 3373 1195 3434 animata,
1210 3372 1300 3420 Stoieia

235 3462 252 3494 a
265 3446 361 3494 ratione
372 3464 471 3497 aversa.
490 3450 537 3498 Sed
547 3460 571 3498 et
581 3465 633 3498 eam
644 3450 743 3513 opinio·
787 3451 886 3517 spiritus
899 3463 936 3499 eat
948 3451 1054 3508 calidus,
1064 3453 1109 3515 qui
1118 3452 1300 3514 refrigeratione

235 3540 290 3572 nem
300 3534 355 3572 anta
365 3525 482 3575 Galerium
491 3528 637 3577 Posidonius
647 3529 743 3577 Stoicae
787 3532 813 3579 iu
823 3531 930 3579 animum
937 3541 1235 3595 commutatur‚coneepta
1245 3547 1301 3594 que

235 3606 372 3665 damnarat,
390 3615 415 3654 et
439 3607 546 3656 Platonis
575 3609 744 3658 auctoritatem
788 3609 844 3659 dam
868 3611 919 3658 acie
939 3622 963 3659 et
992 3609 1115 3660 firmitate.
1141 3609 1299 3671 Plutarchus,

233 3684 386 3749 approbat-at.
401 3686 434 3735 Η.
788 3689 832 3746 τὴν
845 3689 931 3759 ψυχὴν,
951 3690 1039 3754 inquit,
1050 3691 1072 3742 oi
1083 3687 1186 3742 Στωϊκοὶ
1201 3693 1299 3760 maipa

269 3764 312 3811 do.
326 3764 574 3813 Essemumru.Goer.
587 3765 629 3815 dat
640 3777 743 3816 matrem
788 3771 872 3840 tappiv
891 3770 981 3839 Ιλιγον·
999 3780 1024 3819 et
1037 3769 1111 3828 alibi,
1124 3769 1235 3839 γίνισθαι
1257 3769 1299 3840 μὶν

233 3859 290 3892 aare.
304 3843 359 3903 Sic,
376 3843 473 3908 iuquit,
494 3845 579 3909 scripti
594 3849 640 3896 mei
660 3863 743 3898 omnes
787 3850 834 3920 γάρ
849 3867 907 3920 parua
925 3849 968 3906 τὴν
984 3847 1072 3918 ψυχὴν,
1094 3849 1154 3901 ὅταν
1169 3847 1199 3900 τὸ
1216 3849 1299 3919 βρέφος

232 3922 340 3986 aditique
349 3923 447 3988 plures,
459 3923 571 3988 idemque
585 3926 677 3990 prtebet
690 3929 743 3976 aine
788 3929 924 3998 ἀποτιχθῇ,
933 3927 1043 3998 καθάπερ
1058 3927 1199 3997 eruption,
1210 3933 1243 3997 τῇ
1255 3947 1298 3980 πι-

233 4003 280 4050 ulla
299 4003 414 4052 varietate
431 4003 490 4054 edit.
511 4005 594 4054 Oxou.
612 4021 657 4055 uec
675 4007 743 4056 aliter
787 4007 875 4078 ριψύξιι
889 4015 932 4062 τοῦ
944 4009 1084 4078 πνεύματος
1107 4004 1296 4078 parussuidvsoc.

233 4097 317 4146 magna
327 4083 383 4132 eald.
393 4095 452 4134 vett.
463 4095 567 4133 caterva.
578 4086 609 4134 G.
787 4089 874 4139 Tuta.
