2776 4688
247 322 292 404 alr
499 389 502 392 ,
606 315 936 387 INTRODUCTIO.

241 441 451 532 phthegmata
458 436 500 504 ad
509 459 614 502 mores
623 438 816 526 pertinentia
827 435 1154 518 circumferebantur3
1167 435 1224 500 sed
1238 457 1307 499 non

242 569 315 640 quae
341 561 442 611 artem
466 542 666 627 redolerent,
688 559 745 607 aut
771 545 928 632 integram
954 565 1083 606 morum
1106 541 1308 630 disciplinam

242 651 450 720 conficerent.
463 651 612 716 Pluribus
628 650 725 715 etiam
739 649 917 714 rationibus
929 664 961 713 et
972 649 1309 738 argumentationibus

241 760 328 824 inter
351 755 535 822 docendum
559 773 591 821 et
617 755 840 822 disserendum
867 755 919 819 usi
942 771 1019 819 sunt
1043 778 1051 818 ε
1077 776 1190 819 omnes
1220 753 1308 817 enirn

241 865 390 930 homines
417 865 542 929 ratione
572 879 727 946 utuntur3
755 880 863 927 tamen
887 862 1204 952 argumentationum
1228 881 1310 924 con·

247 969 455 1035 texendarum
470 987 503 1034 et
520 968 798 1050 dijudicandanrm
812 991 879 1050 ars,
895 978 1038 1034 remuniri
1056 983 1168 1056 postea
1177 981 1312 1046 rorata,

243 1097 423 1164 numquam
439 1075 500 1140 illis
519 1075 552 1139 in
570 1091 714 1140 mentem
731 1091 870 1140 venerat
887 1077 930 1138 At
945 1073 1090 1138 Socrates
1105 1095 1173 1136 uon
1187 1071 1215 1134 is
1226 1086 1312 1152 erat,

242 1181 300 1269 qui
320 1205 390 1248 rent
408 1182 506 1274 ullam
529 1181 598 1246 sinc
621 1199 688 1246 arte
713 1181 886 1270 acciperet,
910 1195 967 1243 aut
986 1201 1079 1269 agere
1098 1175 1313 1243 commodum

242 1287 387 1352 duceret.
405 1287 509 1377 Igitur
526 1310 646 1376 quum,
664 1289 781 1353 omissa
800 1287 927 1351 curiosa
944 1286 997 1350 illa
1016 1302 1137 1350 naturae
1159 1299 1193 1348 et
1209 1283 1315 1347 subli-

243 1394 346 1457 mium
366 1393 584 1481 speculatione
607 1416 644 1457 ac
669 1393 891 1482 indagatione,
912 1408 944 1456 et
960 1392 1083 1456 ratione
1106 1391 1155 1456 uti
1174 1388 1258 1453 duce
1277 1389 1314 1451 in

244 1495 367 1584 agenda
379 1497 459 1580 vita,
474 1514 506 1562 ct
517 1520 594 1563 suos
608 1499 812 1587 aliorumque
830 1499 1001 1563 hominurn
1018 1519 1125 1561 mores
1139 1495 1316 1559 efformare

242 1600 451 1685 instituisset,
467 1625 578 1667 earum
595 1627 722 1686 rerum,
736 1603 771 1667 id
787 1619 853 1685 est,
868 1603 1001 1667 rationis
1017 1623 1211 1689 morumque
1227 1617 1316 1664 artes

242 1705 417 1772 adinvenit.
438 1710 534 1775 Certe
549 1711 779 1799 peritissimum
796 1711 829 1772 in
849 1710 887 1772 iis
904 1708 1078 1796 disciplinis
1097 1724 1130 1771 et
1145 1707 1316 1796 egregium
1377 1689 1382 1704 i

243 1812 399 1877 artificem
417 1815 552 1878 evasisse
568 1815 660 1878 illurn
681 1830 816 1880 constat.
834 1812 896 1880 Sed
909 1836 1012 1902 quum
1028 1814 1143 1901 etipse
1159 1813 1314 1895 fortasse,

244 1919 328 1982 elcut
347 1935 381 1982 et
401 1919 595 2006 posteriores
614 1918 815 2002 Academici,
842 1929 885 1988 ria
909 1931 941 1991 tic
966 1930 1072 2000 lsdrtpu
1089 1929 1253 1998 ἰπιχιίρησιν,
1278 1917 1318 1982 ld

244 2039 309 2104 est,
326 2022 566 2110 disputationem
587 2027 620 2088 in
641 2039 807 2113 utramque
825 2039 969 2113 partem,
994 2024 1156 2112 optimum
1173 2023 1317 2086 docendi

243 2147 346 2216 genus
363 2128 574 2213 existimaret,
595 2151 699 2218 eoque
717 2131 909 2218 plerumque
930 2145 1092 2210 uteretur,
1110 2151 1147 2192 ac
1165 2127 1205 2191 de
1223 2127 1318 2210 nulla

243 2254 279 2295 re
293 2231 444 2296 audacter
457 2231 648 2316 affirmaret,
663 2235 719 2298 sed
733 2257 874 2322 quaerere
888 2257 1015 2322 semper
1027 2233 1164 2314 diceret,
1182 2249 1214 2297 et
1230 2233 1316 2296 nihil

244 2337 325 2402 seire
345 2354 460 2426 praeter
484 2339 565 2421 hoc;
590 2363 626 2403 ea
653 2340 721 2420 ejus
744 2341 944 2428 professione
968 2341 1033 2404 sive
1056 2338 1318 2403 dissimulatione

244 2441 397 2507 effectum
411 2459 474 2524 est,
493 2462 531 2508 ut
546 2445 647 2532 ipsius
665 2444 832 2532 discipuli,
849 2445 915 2509 sive
929 2461 1101 2509 sectatores
1118 2460 1151 2508 et
1167 2444 1316 2527 asseclae,

244 2565 303 2611 aut
320 2549 389 2628 ejus
407 2550 601 2614 sententiam
619 2572 686 2614 non
705 2550 800 2638 plane
815 2549 1035 2638 perviderent,
1052 2566 1126 2632 aut,
1146 2571 1206 2638 pro
1223 2550 1318 2613 vario

245 2655 402 2742 cujusque
418 2655 566 2745 ingenio,
580 2657 614 2720 in
628 2637 729 2721 varias
744 2657 913 2746 opiniones
930 2657 1065 2720 abirent.
1083 2658 1176 2720 Certe
1188 2655 1315 2718 nemini

242 2783 376 2842 eorum,
393 2763 449 2849 qui
460 2759 599 2826 Socratis
610 2762 821 2827 familiaritate
833 2780 910 2827 sunt
919 2763 986 2844 usi,
999 2785 1073 2826 cum
1083 2762 1145 2827 alio
1155 2761 1316 2850 quopiam
1379 2783 1382 2798 *

243 2889 283 2930 ex
308 2867 424 2931 eodem
447 2865 593 2932 sodalitio
618 2870 652 2932 in
677 2870 838 2933 rationalis
865 2886 922 2934 aut
946 2869 1075 2934 moralis
1097 2869 1316 2958 philosophice

242 2969 414 3036 traditione
424 2975 576 3038 convenit
589 2997 596 3037 :
607 2974 672 3038 sive
682 2976 766 3039 forte
775 2975 871 3038 etiam
881 2974 915 3038 id
924 2998 963 3039 ex
972 2971 1080 3064 gloriae
1089 2975 1316 3064 praecipuique

243 3077 385 3142 nominis
397 3101 433 3142 ac
444 3078 547 3143 laudis
559 3079 751 3169 cupiditate,
765 3096 798 3144 et
808 3081 1025 3145 contentionis
1037 3080 1145 3146 studio
1157 3082 1313 3144 evenerit.

244 3179 375 3270 Quippe
387 3197 419 3246 et
434 3183 469 3246 in
483 3185 620 3248 naturali
633 3201 737 3272 parte,
753 3208 850 3272 quarn
864 3208 930 3249 non
945 3207 963 3248 a
977 3184 1107 3250 Socrate
1117 3184 1315 3268 didicerant,

242 3307 310 3349 non
335 3289 442 3353 minor
459 3289 544 3353 inter
562 3292 649 3379 ipsos
671 3291 830 3356 discordia
852 3308 909 3357 est.
932 3292 1024 3356 Sicut
1043 3308 1152 3356 autem
1176 3292 1209 3354 in
1231 3291 1312 3375 hac,

242 3411 371 3455 summa
386 3395 582 3464 concertatio
600 3405 657 3476 πιρὶ
675 3406 772 3476 ἀρχῶν,
792 3397 825 3460 id
844 3414 908 3479 est,
918 3397 965 3476 ¹de
972 3399 1142 3485 principiis
1157 3413 1190 3461 et
1205 3399 1314 3464 causis

242 3517 369 3580 rerum,
386 3521 512 3594 semper
528 3503 604 3584 fuit,
624 3503 669 3566 ita
682 3502 833 3591 deinceps
850 3504 1043 3569 inrationali
1059 3513 1114 3586 πιρὶ
1133 3513 1251 3584 κριτηρίου
1267 3519 1312 3576 τῆς

242 3611 374 3674 ἀληθείας,
391 3602 424 3667 id
438 3619 505 3686 est,
522 3605 562 3668 de
568 3607 691 3692 judicio
699 3656 709 3688 ,
732 3608 783 3671 vel
797 3608 906 3696 potius
920 3609 962 3695 (si
976 3633 1014 3675 eo
1030 3610 1189 3674 vocabulo
1204 3609 1252 3673 uti
1275 3610 1313 3673 li·

242 3706 323 3794 ceat)
332 3707 529 3794 judicatorio
540 3716 704 3796 veriatis,
721 3713 754 3778 h.
770 3737 798 3779 e.
817 3714 858 3778 de
874 3715 1091 3780 instrumento
1110 3739 1177 3804 quo
1193 3716 1311 3781 veritas

241 3812 283 3877 sit
296 3812 517 3898 dijudicanda3
531 3835 629 3906 atque
640 3821 674 3883 in
691 3821 819 3904 morali,
838 3831 892 3899 πιρὶ
912 3832 1009 3903 ἀγαθῶν
1027 3831 1069 3886 καὶ
1083 3838 1180 3898 κακῶν,
1193 3820 1227 3885 id
1240 3838 1310 3904 est,

241 3917 280 3982 de
298 3919 448 3985 bonorum
461 3921 816 4014 malorumqueflnibus,
830 3929 1030 4019 praecipuum
1045 3926 1214 4012 dissidium
1232 3927 1307 3992 luit.

286 4023 316 4087 3.
334 4027 455 4092 Verum
471 4053 538 4094 non
563 4031 603 4095 de
627 4033 774 4097 universa
790 4033 1012 4122 philosophia,
1029 4033 1134 4123 deque
1151 4034 1308 4100 omnibus
