2776 4688
257 355 303 424 ati
554 429 563 440 ,
623 353 952 428 INTRODUCTIO.

254 479 349 542 etiam
366 480 523 543 rationem
539 478 648 568 [λόγον]
670 479 830 567 duplicem
850 499 929 542 esse.
947 476 1029 542 Nam
1045 495 1110 565 qua
1127 485 1233 544 αἰσθητὰ
1245 501 1321 566 per-

254 585 429 673 cipiuntur,
448 588 679 675 opinatn‘cem,
697 587 763 651 sive
774 586 963 676 opinantem
987 586 1146 649 rationem
1168 583 1320 670 [δοειςικὸν

251 700 320 770 λόγον
331 692 361 780 ],
378 694 462 758 sicut
472 710 505 758 et
520 715 571 758 res
586 693 694 757 sensui
704 691 862 780 expositas
871 689 1044 778 opinabilia
1059 689 1193 778 [δοξιςὰ]
1206 691 1321 778 appel-

252 795 326 879 lari,
353 799 605 888 earumdemque
634 821 743 863 rerum
773 798 1033 887 perceptionem,
1059 802 1152 872 Atto,
1183 795 1219 860 id
1251 814 1319 880 est,

250 907 432 969 sentenciam
455 906 521 970 sive
549 907 723 994 opinionem
747 925 835 986 esse,
862 903 947 968 sicut
971 924 1011 968 ex
1034 902 1132 966 rebus
1156 925 1228 990 quae
1254 904 1320 968 sub

252 1007 495 1100 intelligentiam
519 1011 653 1076 cadunt·
666 1012 789 1076 ratione
815 1009 876 1074 alia
906 1031 978 1098 quae
1009 1008 1175 1074 scientiam
1199 1007 1320 1074 efficiat

252 1109 264 1198 [
286 1133 321 1198 τῷ
344 1130 509 1198 tempestae
530 1119 625 1208 λόγῳ]
652 1117 912 1206 comprehensis,
942 1116 1107 1180 scientium
1132 1113 1316 1204 [ἐπιςήμην]

249 1225 410 1290 exsistere.
421 1225 542 1289 Rerum
557 1225 643 1288 enim
658 1224 823 1290 sensilium
834 1221 1105 1312 perspicuitatem,
1114 1227 1186 1310 quae'
1196 1222 1319 1286 rationi

248 1333 417 1420 probetur,
433 1331 589 1420 approbat
606 1332 702 1396 etiam
726 1331 834 1413 Plato;
856 1327 913 1393 sed
931 1335 1006 1392 {ton
1029 1343 1067 1392 ut
1088 1349 1124 1392 aa
1146 1327 1319 1392 scientiam

248 1437 331 1502 effici
351 1437 452 1520 dicat,
474 1438 663 1527 opinionem
684 1453 791 1502 tamen
811 1459 883 1524 quae
900 1435 1070 1500 scientiam
1088 1453 1221 1514 eorum,
1242 1456 1319 1520 quae

246 1565 322 1607 vere
345 1559 438 1625 sunt,
460 1545 554 1607 nobis
575 1544 610 1606 in
632 1544 821 1608 memoriam
843 1540 984 1606 reducat
1012 1541 1098 1628 Ergo
1121 1561 1218 1604 sensu
1237 1561 1319 1604 cum

247 1650 424 1738 opinattice
440 1651 565 1715 ratione
583 1651 693 1714 sensui
710 1649 853 1737 exposita
866 1646 1018 1730 judicari3
1036 1663 1146 1712 mente
1161 1669 1239 1710 vero
1256 1669 1320 1710 seu

247 1758 472 1848 intelligentia,
500 1781 565 1821 una
592 1777 669 1822 cum
696 1757 821 1821 ratione
847 1755 1014 1820 scientiam
1041 1749 1216 1833 efficiente,
1241 1775 1319 1840 quas

246 1864 463 1954 intelligentia,
476 1862 810 1952 comprehenduntur.
838 1863 914 1926 Haec
932 1875 1041 1925 autem
1063 1881 1132 1924 esse
1150 1859 1237 1922 ideas
1243 1906 1254 1939 ,
1281 1859 1319 1924 id

246 1985 311 2050 est,
334 1985 518 2033 constantes
542 1967 697 2056 quasdam
716 1991 826 2034 rerum
846 1968 981 2048 formas,
1007 1989 1079 2054 quae
1100 1987 1211 2028 revera
1230 1966 1318 2048 sint,

245 2075 330 2155 sive,
347 2091 385 2138 ut
402 2075 497 2156 dicit,
518 2098 590 2161 quae
610 2075 645 2137 in
665 2097 704 2138 eo
723 2071 812 2160 quod
831 2089 896 2154 est,
918 2073 1081 2137 exsistant.
1099 2073 1147 2135 De
1164 2072 1319 2134 universa

246 2179 370 2243 ratione
390 2179 468 2262 hac,
492 2179 537 2243 sic
554 2181 624 2268 ipse
646 2181 680 2243 in
697 2179 819 2244 Timaeo
832 2179 877 2266 (1)
895 2201 904 2243 ι
926 2179 1008 2242 «Est
1024 2177 1119 2266 quid,
1139 2177 1229 2265 quod
1248 2194 1318 2260 est,

245 2298 277 2348 et
297 2307 364 2348 non
386 2274 574 2372 generatum
596 2283 685 2350 aliud
705 2307 800 2366 vero,
821 2283 911 2372 quod
935 2285 1077 2374 gignitur
1094 2282 1246 2370 quidem,
1266 2299 1320 2350 est

243 2413 320 2478 vero
346 2411 557 2478 numquam:
586 2389 666 2456 illud
691 2389 824 2479 quidem
848 2389 1058 2478 intelligentia
1086 2411 1159 2454 cum
1188 2389 1319 2453 ratione

244 2495 552 2583 comprehensibile,
576 2497 668 2584 quod
691 2517 817 2584 semper
840 2494 1028 2559 uniusmodi
1052 2511 1127 2559 est:
1150 2495 1215 2558 hoc
1234 2517 1318 2558 vero

243 2625 355 2664 rursus
385 2603 539 2690 opinione
566 2625 643 2666 cum
671 2625 769 2667 sensu
794 2602 927 2666 rationis
956 2616 1102 2688 experte,
1133 2601 1317 2688 opinabile,

243 2725 432 2796 generatum
448 2725 480 2772 et
495 2709 666 2789 interiens,
684 2729 866 2796 numquam
883 2729 960 2770 voro
976 2728 1083 2770 revera
1101 2729 1158 2771 ens
1170 2737 1193 2770 a.

287 2811 316 2877 5.
332 2815 441 2894 Hanc,
459 2835 557 2903 quam
576 2813 717 2878 Platonis
737 2829 769 2876 et
786 2829 933 2877 veterum
948 2811 1216 2877 Academicorum
1234 2835 1315 2876 sen·

241 2921 374 2984 tentiam
391 2945 460 2985 esse
477 2921 657 2985 Antiochus
677 2918 818 3002 dicebat,
838 2919 925 3009 apud
942 2921 1132 2996 Cicermrem
1146 2918 1193 3008 (a)
1204 2919 1315 3002 Varro

239 3028 394 3117 exponit:
414 3058 427 3082 ιι
438 3027 645 3115 Quamquam
654 3025 814 3108 judicium
826 3028 965 3091 oriretur
982 3051 1000 3090 a
1018 3026 1182 3107 sensibus,
1199 3043 1313 3090 tamen

239 3158 307 3198 non
339 3158 408 3199 esse
427 3123 588 3215 judicium
619 3135 761 3200 veritatis
793 3135 827 3198 in
855 3133 1011 3198 sensibus.
1042 3133 1187 3197 Mentem
1219 3133 1314 3198 vole-

238 3242 318 3305 bant
351 3239 556 3327 [Academici
575 3243 723 3329 veteres]
762 3261 872 3306 rerum
907 3261 975 3305 esse
1008 3237 1177 3321 judicem:
1206 3239 1313 3302 solam

239 3347 415 3413 censebant
429 3347 599 3432 idoneam,
621 3347 672 3412 cui
692 3347 894 3428 crederetur,
916 3348 991 3433 quia
1008 3347 1075 3411 sola
1093 3362 1238 3410 cerneret
1253 3343 1311 3428 id,

238 3453 329 3540 quod
347 3475 474 3540 semper
494 3469 592 3536 esset,
612 3453 763 3540 simplex,
786 3469 820 3514 et
839 3451 1043 3533 uniusmodi,
1064 3468 1096 3514 et
1114 3448 1192 3534 tale,
1212 3451 1312 3538 quale

239 3574 331 3621 esset.
354 3557 447 3620 Hanc
463 3555 508 3620 illi
525 3557 626 3621 ἰάεαηι
643 3553 861 3646 appellabant,
878 3557 944 3638 jam
962 3579 979 3620 a
993 3557 1126 3621 Platone
1141 3557 1185 3620 ita
1199 3557 1312 3620 nomi-

238 3679 370 3728 natam:
390 3686 450 3727 nos
471 3680 557 3728 recte
577 3671 708 3752 speciem
726 3665 900 3752 possumus
921 3663 1037 3728 dicere.
1059 3665 1178 3728 Sensus
1197 3680 1311 3727 autem

238 3793 371 3854 omnes,
390 3769 523 3834 hebetes
546 3785 578 3833 et
601 3769 710 3834 tardos
735 3791 821 3850 esse,
847 3791 907 3834 nec
929 3771 1093 3860 percipere
1117 3771 1184 3833 ullo
1207 3769 1311 3833 modo

238 3899 288 3942 res
306 3899 375 3959 eas,
392 3900 464 3964 quae
483 3877 632 3958 subjectae
648 3875 797 3942 sensibus
813 3875 1019 3960 viderentur3
1036 3899 1108 3963 quae
1127 3893 1234 3941 essent
1252 3895 1312 3941 aut

273 4017 310 4088 (ι)
329 4022 437 4070 Platonis
450 4035 539 4086 opera,
554 4031 613 4071 tom.
624 4023 742 4086 Impag.
754 4037 795 4082 ap,
815 4021 846 4080 d,
859 4032 882 4069 et
898 4022 944 4080 stt,
963 4037 985 4068 a.

275 4111 313 4174 (a)
332 4111 409 4159 Acad.
422 4111 466 4159 lib.
480 4115 507 4171 1,
526 4128 579 4176 cap.
594 4127 618 4174 9.
