2764 4688
246 339 315 414 186
600 345 879 416 EXCURSUS
903 345 953 415 11.

239 465 437 546 conjunctas
454 485 531 529 cum
544 462 653 530 divina
666 482 780 531 natura
793 489 862 531 esse
873 465 1049 556 intelligas,
1064 465 1131 530 sive
1149 466 1256 531 insint
1269 469 1315 543 ei,

238 587 277 634 ut
294 571 403 634 animo
423 571 593 654 notiones,
610 572 676 636 sive
696 572 737 636 ab
752 571 864 638 eadem
883 572 1122 637 emanaverintt
1141 589 1315 663 perceptas

238 691 347 740 autem
367 697 419 740 eas
437 675 482 738 ait
497 697 566 739 esse
582 699 601 739 a
616 693 724 740 mente
741 677 774 739 in
794 683 833 741 e'o
852 692 956 759 statu,
975 677 1031 764 qui
1050 678 1135 741 hane
1151 678 1253 742 vitam
1271 680 1316 744 sit

238 797 460 871 antegressus,
475 782 509 845 in
528 805 595 870 quo
614 803 704 848 mens
727 806 810 872 pura
831 807 849 848 a
874 783 1015 847 materias
1038 782 1257 867 admixtione,
1282 802 1317 850 et

238 911 314 952 tum
336 889 446 956 divina
460 905 569 957 mente
584 890 750 978 copulata,
770 891 866 954 etiam
882 913 979 979 puras
995 907 1028 954 et
1046 907 1182 954 secretas
1204 914 1224 954 a
1240 915 1315 955 ma·

237 995 317 1060 teris
343 1011 472 1058 naturas
496 994 564 1058 illas
589 995 768 1085 intelligere
793 995 953 1084 potuerim
978 995 1164 1060 obscuratas
1189 995 1315 1060 deinde

237 1101 467 1182 conjunctione
487 1101 661 1166 saetacum
678 1125 815 1191 corpore
830 1103 865 1166 in
886 1091 1068 1184 nascende,
1086 1103 1261 1166 restaurari
1280 1119 1315 1167 et

238 1206 367 1270 excitari
380 1206 545 1289 doctrina,
562 1223 595 1270 et
613 1207 827 1274 institutione.

283 1314 441 1378 «Exortus
454 1329 504 1377 est
516 1313 781 1402 Aristoteles,qui
797 1329 968 1400 utramque
975 1313 1134 1377 rationem
1148 1312 1315 1402 quodam·

236 1417 338 1484 modo
359 1419 582 1510 conjungeret.
604 1419 687 1484 Nam
710 1421 853 1508 primum
871 1441 1033 1483 sensnum
1053 1417 1270 1507 impulsiones
1295 1443 1316 1484 a

237 1525 354 1590 mentis
369 1525 468 1590 libera
485 1525 659 1613 agitatione
678 1524 841 1608 distinxit,
858 1525 904 1592 ais
920 1540 1047 1608 umen,
1064 1540 1103 1588 ut
1119 1523 1314 1614 intelligen-

235 1629 314 1694 tiam
339 1653 437 1696 sensu
461 1647 628 1718 tamquam
649 1629 865 1695 fundamento
892 1629 953 1693 niti
978 1646 1136 1714 sumeret,
1159 1628 1314 1696 idearum

234 1755 363 1820 ortum,
395 1738 539 1804 visorum
570 1738 755 1804 evolutione
778 1737 971 1828 explicaret3
995 1735 1115 1802 deinde
1141 1737 1210 1801 visa
1237 1739 1315 1804 brec

232 1848 428 1924 (φαντασίας),
450 1868 518 1910 non
544 1861 672 1912 tantum
699 1861 739 1910 ut
765 1847 879 1909 eti’entn
904 1866 923 1907 a
945 1844 1043 1908 rebus
1067 1844 1227 1925 extemis,
1250 1845 1314 1909 sed

231 1951 328 2020 etiam
344 1965 383 2014 ut
400 1971 512 2016 aarum
525 1951 681 2040 imagines
697 1951 731 2015 ἐι
744 1949 868 2040 effigies
882 1949 1047 2038 spectavit.
1067 1949 1192 2029 Reiecit
1205 1949 1314 2039 igitur

232 2054 363 2120 illorum
378 2056 588 2136 sententiam,
605 2058 661 2144 qui
673 2077 786 2120 sensus
801 2078 915 2120 ornnes
932 2055 1031 2119 unius
1048 2071 1153 2119 tactus
1164 2053 1312 2137 judicio,

233 2173 268 2223 et
284 2159 431 2223 dominio
451 2160 542 2248 qrtasi
556 2160 777 2242 subjeceraut5
793 2161 863 2250 ipse
879 2158 1017 2224 totidem
1034 2159 1173 2248 sumpsit
1193 2182 1312 2224 rerum

234 2290 462 2355 corporearum
491 2269 679 2356 qualitates,
704 2269 790 2353 iuter
814 2293 849 2333 se
873 2268 1032 2350 diversas,
1059 2285 1142 2357 quot
1166 2285 1247 2333 suut
1276 2286 1313 2334 et

233 2356 347 2437 sensus
371 2373 506 2456 diversi,
524 2389 556 2438 et
579 2397 692 2439 eorum
716 2374 875 2463 cujusque
898 2376 1061 2439 motiones
1078 2373 1220 2444 diversae.
1237 2375 1312 2440 Nec

230 2494 339 2543 tamen
353 2479 417 2544 hoc
430 2497 496 2544 tam
511 2477 652 2546 absurde
664 2480 705 2568 ab
720 2481 808 2569 ipso,
822 2503 920 2569 quam
935 2481 977 2545 ab
989 2479 1222 2569 interpretibus
1235 2480 1310 2560 ejus

231 2583 355 2650 dictum
377 2601 434 2652 est.
462 2587 538 2652 Non
566 2588 653 2670 enim
679 2588 763 2677 ipsas
788 2587 961 2676 qualitates
988 2609 1087 2651 sensu
1111 2602 1309 2674 perceptas,

231 2692 353 2785 quippe
366 2715 446 2784 quas
461 2694 579 2758 mentis
596 2695 744 2782 proprias
762 2715 831 2758 esse
847 2716 923 2758 cum
940 2692 1095 2757 omnibus
1113 2691 1182 2756 fere
1199 2693 1311 2780 pbilo-

230 2797 341 2885 sophis
362 2797 504 2884 antiquis
521 2798 733 2886 agnoscebat,
757 2797 815 2864 sed
838 2819 951 2864 earum
973 2795 1218 2862 efficiendarum
1236 2797 1308 2860 vim

228 2903 326 2967 rebus
343 2903 501 2968 attribuit.
524 2902 623 2986 Quod
646 2905 785 2968 maxime
800 2902 1010 2992 perspicuum
1029 2920 1078 2967 est
1094 2925 1135 2966 ex
1155 2925 1195 2966 eo
1210 2901 1308 2983 luco,

228 3008 287 3074 ubi
295 3009 340 3073 ait
353 3031 423 3092 eos,
434 3009 490 3098 qui
499 3009 546 3074 rei
559 3010 620 3074 uisi
631 3011 705 3074 visas
717 3009 860 3074 colorem
873 3032 941 3074 non
951 3009 1149 3089 tribuerent,
1160 3031 1200 3073 ex
1209 3026 1307 3097 parte

227 3137 342 3180 verum
354 3115 482 3199 videre,
500 3139 539 3180 ex
553 3133 644 3204 parte
661 3117 737 3182 falti.
757 3115 869 3180 Valere
884 3117 972 3180 enim
987 3117 1051 3180 boc
1065 3113 1105 3180 ds
1120 3138 1159 3178 eo
1176 3115 1306 3197 colore,

229 3221 286 3306 qui
296 3221 338 3284 sit
350 3239 409 3284 κατ’
428 3231 562 3302 inpietas·
574 3244 641 3285 uon
651 3223 756 3286 valere
769 3221 932 3309 deeo,qui
947 3221 988 3284 sit
999 3229 1066 3282 κατὰ
1077 3219 1304 3300 &svaninverba

227 3323 313 3389 illius
326 3343 404 3391 sunt
416 3327 504 3394 hoec:
519 3329 578 3393 ba·
591 3338 613 3390 si
627 3339 742 3409 nps'rtpm
758 3337 894 3409 φυσιολόγοι
905 3341 978 3390 τοῦτο
989 3338 1015 3390 ὠ
1028 3343 1107 3397 καλῶς
1118 3337 1216 3408 imum,
1229 3331 1303 3390 ὠδὶν

226 3438 330 3509 οἶᾶμιιοι
345 3439 400 3492 edat
416 3443 517 3508 λιυιιδι,
531 3443 586 3496 οὔτε
599 3444 676 3514 μέλαν
692 3437 753 3496 sista
768 3443 824 3496 dtas
839 3443 933 3512 ὄψιας·
952 3447 983 3512 τῇ
997 3441 1040 3513 μιν
1059 3442 1140 3512 {taust
1161 3443 1252 3512 tutte,
1270 3448 1304 3511 τῇ

225 3539 253 3596 δ’
265 3546 307 3598 οὐκ
320 3547 408 3616 ὀρθῶς·
424 3541 501 3614 διχῶς
514 3547 561 3619 γὰρ
570 3551 701 3620 λιγομίνιις
712 3553 757 3610 τῆς
771 3549 920 3614 uindictae,
934 3545 976 3601 ui
987 3553 1030 3600 τοῦ
1045 3548 1177 3610 αἰσθητοῦ,
1190 3552 1240 3600 rim
1258 3549 1303 3617 μὶν

224 3649 294 3708 κατὰ
304 3645 409 3722 dmartii
418 3677 425 3717 ι
435 3659 485 3706 τῶν
495 3649 525 3708 di
535 3635 593 3708 κᾶτ’
605 3656 741 3724 Ινιργιιιιν·
758 3655 799 3710 ini
809 3657 899 3709 τούιιιι
912 3655 955 3724 μιν
968 3651 1096 3725 enudabit
1107 3654 1135 3706 ab
1149 3653 1246 3721 λεχθὲν,
1258 3655 1302 3708 ini

224 3753 255 3813 di
268 3765 316 3812 τῶν
332 3759 419 3829 ἐτέρων
430 3761 456 3811 ob
469 3758 608 3831 συμὸαίνιι.
618 3753 678 3815 Ᾰλλ’
688 3765 772 3817 latim
784 3763 870 3824 ἅπλῦς
883 3763 964 3833 myas
977 3761 1032 3829 napi
1044 3767 1093 3813 ttius
1104 3761 1243 3834 λιγομίιιιν
1257 3763 1303 3830 οὐχ

225 3857 322 3917 ἁπλῶς,
338 3847 493 3929 Quorum
504 3848 680 3913 ver-borum
695 3871 809 3914 sensus
826 3865 876 3914 est
892 3849 967 3914 hin:
984 3846 1110 3914 Coloris
1120 3847 1223 3936 ipsam
1238 3850 1303 3912 fou

225 3975 311 4016 mam
324 3968 357 4018 et
370 3953 510 4042 speciem
525 3976 613 4036 eam,
629 3979 726 4042 quam
742 3956 853 4020 animo
866 3957 1039 4020 oculorum
1053 3955 1141 4018 visus
1154 3953 1301 4036 objiciat,

224 4081 294 4126 ease
311 4061 396 4127 iutra
415 4082 495 4142 nos,
511 4077 611 4149 atque
626 4061 709 4126 adeo
725 4061 823 4127 dilabi
840 4079 873 4128 et
889 4059 1037 4142 interire,
1055 4059 1112 4126 ubi
1128 4059 1211 4126 visio
1227 4083 1301 4128 ces·
