2786 4674
256 311 330 386 606
600 315 649 381 Μ.
664 313 713 396 ,Τ.
738 313 982 383 CICERONIS

257 435 394 513 emergit,
414 435 520 513 partim
535 432 653 511 quidem
665 433 724 492 olei
740 437 883 512 terraque
895 433 1096 512 purgatorium
1106 455 1198 517 genus
1208 435 1323 498 nitrum

257 531 380 601 dicitur:
394 527 499 606 partim
513 543 585 586 tero
598 525 768 604 quotidiano
788 527 877 586 ricttd
894 527 1157 587 commodissimum
1174 532 1324 609 legitime,

256 622 297 682 sal
313 625 376 680 Dec
394 619 517 678 amicum
538 637 654 698 corpus.
676 627 715 680 At
733 619 809 678 enim
827 621 991 679 commanis
1008 623 1219 701 enutrisque,
1249 645 1323 703 aqua

256 713 374 794 quidem
385 713 445 770 ao'n
461 709 612 786 solubilia,
629 710 688 790 igni
704 731 774 770 vero
786 725 906 791 propter
921 715 977 772 tale
995 713 1107 792 aliquid
1123 715 1164 774 ita
1174 717 1324 794 congluti-

256 819 362 865 nantur
375 825 383 862 ε
398 804 474 883 ipsas
488 815 571 861 teme
585 803 675 862 moles
689 803 762 881 ignis
772 817 802 862 et
815 823 866 862 aer
875 823 935 862 nou
952 803 1100 884 liquefacit
1114 828 1122 863 ε
1136 827 1230 884 vum
1246 809 1324 866 euim

256 899 316 958 duo
332 899 393 956 hcc
408 894 572 954 tenuissima
588 895 644 955 sint
657 909 687 953 et
702 893 895 954 vacuitatibus
909 909 993 954 terrae
1015 896 1189 968 minutiora,
1212 898 1256 957 ita
1272 920 1326 978 prr

257 989 458 1069 capacissimos
471 987 533 1065 ejus
549 1000 658 1046 meatus
679 987 740 1045 sine
757 987 816 1046 ulla
830 987 968 1046 violentia
979 1003 1164 1067 permanant,
1182 1003 1218 1048 ut
1228 1009 1327 1070 nque

256 1103 320 1143 eam
333 1083 491 1142 dissolvant
504 1099 597 1158 neque
607 1080 791 1157 liquefaciant
802 1101 905 1158 :cquae
915 1101 986 1139 vero
993 1093 1106 1159 partes,
1117 1085 1186 1159 quia
1197 1083 1326 1160 majoccs

258 1189 340 1248 sunt,
355 1177 483 1233 violento
495 1173 575 1232 fluxu
589 1171 795 1250 liquefaciunt:
814 1187 919 1231 terram
933 1174 1032 1251 itaque
1048 1173 1123 1233 male
1140 1189 1325 1253 compactam

258 1271 299 1328 sic
319 1269 380 1327 sola
400 1287 474 1344 aqua
495 1265 525 1322 vi
545 1266 648 1338 solvit,
671 1277 851 1342 compactam
870 1263 941 1324 vero
962 1266 1112 1326 dumtaxat
1131 1267 1206 1346 ignis
1223 1290 1231 1324 :
1251 1268 1324 1327 nihil

258 1361 335 1420 enim
355 1372 460 1438 practer
480 1359 574 1436 iguem
596 1358 671 1416 hanc
692 1370 844 1434 penetrat:
860 1376 942 1435 aquae
966 1379 1066 1418 rursus
1088 1361 1323 1431 concretionem,

257 1451 490 1510 violentissimam
512 1447 629 1526 quidem
647 1449 725 1508 solus
744 1449 831 1525 ignis,
853 1449 1025 1510 debiliorem
1043 1471 1115 1510 vcro
1132 1465 1276 1530 utraque,
1295 1467 1324 1512 et

257 1545 443 1622 igniacum,
457 1541 644 1600 diffundunt:
660 1559 719 1612 aer,
736 1541 874 1618 inquam,
892 1561 946 1620 per
962 1563 1068 1614 vacua,
1083 1545 1159 1621 ignis
1169 1545 1259 1604 etiam
1272 1565 1322 1620 per

259 1637 439 1714 triangulos:
456 1651 551 1692 aerem
568 1651 638 1690 vero
658 1633 686 1690 vi
706 1631 891 1692 constrictum
913 1633 984 1692 nihil
1005 1633 1060 1692 nisi
1076 1651 1130 1711 per
1148 1633 1320 1692 elementum

260 1731 347 1790 solvit
365 1751 372 1785 :
391 1729 452 1788 sinc
465 1727 495 1784 ri
510 1725 701 1784 cohaerentem
714 1726 792 1784 solus
805 1725 923 1783 resolvit
941 1727 1013 1803 ignis
1028 1747 1035 1782 :
1053 1745 1180 1804 corpora
1193 1745 1231 1784 ex
1249 1747 1320 1804 aqua

261 1838 395 1899 terraque
407 1821 447 1878 ita
457 1818 632 1896 composita:
646 1829 680 1875 ut
692 1836 767 1894 aqua
781 1829 864 1874 terras
873 1817 969 1876 inania
978 1818 1007 1874 vi
1019 1830 1166 1876 coarctata
1180 1817 1319 1884 obstruat,

261 1918 301 1976 sio
315 1931 435 1994 prorsus
448 1931 478 1970 se
492 1910 618 1981 habent,
640 1921 673 1966 ut
689 1927 764 1986 aqua
779 1910 907 1967 exterior
921 1909 1041 1967 induere
1054 1929 1109 1988 per
1123 1929 1159 1967 ea
1177 1929 1237 1968 non
1254 1929 1318 1988 pos-

260 2009 314 2075 sit,
327 2004 451 2082 ideoque
465 2001 582 2060 minime
596 2002 775 2079 liquefaciat:
785 2001 835 2060 nd
847 2001 934 2080 ignis,
945 2020 1027 2078 aquae
1037 2015 1149 2060 meanis
1159 2015 1316 2080 penetrans,

260 2098 504 2182 quemadmodum
518 2111 547 2155 et
560 2117 636 2174 aqua
649 2109 734 2155 terrae
749 2097 858 2168 inania,
872 2111 959 2174 atque
968 2095 1012 2154 'ita
1026 2115 1130 2175 aquam
1141 2099 1278 2166 alliciens,
1289 2111 1317 2156 ut

187 2178 190 2188 ⁴
259 2193 334 2272 iguis
347 2211 458 2262 aerem,
468 2189 615 2248 communi
625 2189 742 2268 corpori
756 2189 966 2267 liquefactionis
978 2185 1091 2248 causam
1103 2189 1250 2268 praebeat:
1261 2191 1315 2248 laec

261 2303 333 2344 vero
342 2282 447 2361 partim
462 2301 544 2359 aquas
556 2281 651 2340 minus
665 2275 773 2340 habent
785 2300 872 2359 ([ιιιιιι
885 2293 984 2354 terrae,
996 2281 1240 2359 quemadmodum
1253 2283 1313 2340 vitri

261 2395 369 2457 genus,
384 2387 414 2432 et
430 2374 541 2452 lapides
552 2372 611 2445 illi,
628 2373 677 2450 qui
692 2373 790 2432 fusiles
806 2375 1007 2452 appellentur:
1021 2375 1127 2452 partim
1142 2387 1242 2432 contra
1256 2375 1311 2452 plus

262 2489 355 2548 aquae,
366 2467 462 2546 qualia
474 2479 543 2526 sunt
555 2466 651 2524 omnia
658 2509 667 2538 ,
680 2485 745 2544 quae
757 2467 955 2546 conglutinata
967 2477 1184 2543 suutcereaquc
1196 2467 1311 2525 evadunt

261 2577 292 2622 et
306 2581 429 2642 vapores
450 2560 591 2620 emittunt.

301 2659 447 2718 Hactenus
467 2671 515 2710 eas
537 2649 662 2728 species,
683 2669 749 2728 qum
774 2651 890 2728 figuris,
921 2647 1175 2710 communionibus
1195 2669 1307 2710 commn-

263 2746 475 2824 tationibuaque
501 2743 624 2800 invicem
650 2743 819 2814 variantur,
847 2761 929 2820 pene
954 2741 1013 2819 jam
1039 2741 1306 2801 demonstravimus:

261 2857 333 2918 quaa
353 2855 424 2896 vero
446 2833 485 2893 ob
506 2853 605 2892 causas
625 2835 771 2911 passiones
790 2853 888 2893 eantm
908 2845 1080 2906 nascautur,
1107 2833 1241 2915 deinceps
1260 2833 1305 2893 de·

262 2943 421 2989 monstrare
444 2925 637 2985 conabimur:
661 2926 807 3006 principio
830 2945 944 2985 sensum
963 2924 1025 2995 his,
1051 2947 1118 3005 quoe
1140 2927 1304 2998 dictasunt,

262 3024 360 3083 adesse
378 3023 492 3100 semper
508 3031 643 3098 oportet:
662 3019 755 3078 carnis
781 3039 851 3078 rero
876 3033 906 3078 et
932 3039 1048 3093 corum,
1068 3039 1135 3099 quae
1152 3021 1190 3081 ad
1206 3041 1305 3082 earnem

261 3117 399 3187 attinent,
425 3113 656 3193 generationem,
683 3105 926 3190 animu'quoqoe
952 3125 1092 3190 quantum
1116 3116 1237 3173 mortale
1257 3125 1304 3184 est,

261 3209 391 3270 nondum
417 3203 624 3264 declaravimus
644 3223 651 3260 ι
675 3217 743 3262 sunt
766 3205 843 3262 enim
882 3203 945 3263 haec
970 3223 987 3263 a
1019 3201 1217 3284 passionibus,
1237 3225 1304 3284 que·

263 3319 385 3378 cumque
399 3317 464 3358 cum
478 3317 563 3356 sensu
579 3309 660 3367 sunt,
675 3295 792 3354 minime
805 3309 951 3375 separata,
967 3307 997 3354 et
1009 3295 1067 3355 illm
1080 3297 1143 3355 sine
1155 3296 1200 3356 his
1214 3297 1304 3377 exponi

264 3391 439 3450 sufficienter
462 3408 522 3448 non
545 3399 680 3467 possunt:
699 3387 783 3446 simul
806 3406 879 3446 vero
902 3387 1013 3467 expleri
1039 3389 1132 3448 ferme
1153 3402 1302 3468 nequeam:

263 3481 359 3560 primo
371 3481 460 3559 igitur
477 3481 533 3539 alia
549 3479 684 3559 ponenda
697 3491 780 3551 sunt,
802 3479 923 3554 deiude,
943 3498 1009 3558 qaae
1030 3493 1206 3559 sequuntur,
1227 3501 1304 3562 expe-

262 3573 387 3632 dienda:
402 3583 435 3630 ut
449 3591 518 3651 erqo
535 3572 671 3650 deinceps
685 3571 716 3630 in
730 3571 906 3650 disputando
921 3591 1026 3651 genera
1039 3573 1188 3652 ριιιίοιιω
1201 3573 1304 3654 ipsese

260 3679 400 3745 quantur,
414 3665 507 3742 prima
522 3663 608 3724 nobis
629 3671 755 3733 exstent,
779 3683 844 3742 qua
865 3666 900 3724 ad
923 3683 1029 3744 corpus
1049 3677 1079 3724 et
1096 3666 1217 3726 animam
1229 3667 1304 3745 pnti-

262 3771 340 3817 nent.
356 3762 389 3816 ln
403 3757 520 3836 primis,
532 3777 589 3834 qun
605 3758 716 3820 ratione
729 3757 803 3836 ignis
814 3756 923 3816 calidus
937 3756 1052 3830 dicitur,
1064 3757 1226 3818 rideamus:
1237 3757 1302 3838 quod

260 3852 300 3910 ita
318 3849 434 3908 demum
448 3849 670 3928 perspiciemus,
682 3851 706 3909 si
720 3848 922 3912 discretionem
936 3849 1180 3928 divisionemque,
1194 3850 1228 3910 ab
1238 3871 1267 3910 eo
1277 3851 1301 3908 in

261 3955 361 4002 nostro
381 3959 505 4020 corpore
529 3942 648 4013 iactam,
670 3943 900 4002 consideremus:
915 3941 1084 4022 quodecim
1100 3943 1303 4023 acumenqucd·
1365 3987 1366 4041 ,

264 4031 330 4091 dam
343 4052 377 4092 ea
388 4034 484 4112 passio
497 4047 553 4106 cst,
564 4033 653 4091 lenae
664 4047 707 4092 est
718 4033 851 4094 omnibus
865 4035 1059 4098 manifestum:
1071 4037 1234 4097 tenuitatem
1244 4055 1301 4095 vero
