2764 4688
247 381 318 455 270
589 357 637 426 n.
663 356 702 422 n
731 315 978 428 nicanorus

245 479 358 578 gniti,
377 477 587 550 constituti?
611 475 722 547 Nullo
748 477 858 573 igitur
882 475 994 547 modo
1019 475 1098 549 fieri
1118 493 1258 578 potest,
1279 497 1324 552 ut

246 591 437 688 quisquam
459 592 550 660 tanti
566 589 720 660 aestimet
737 589 944 684 aequitatem
962 585 1165 692 etxfidemtt,
1182 606 1226 663 ut
1241 593 1324 688 ejus

245 700 500 774 conservandae
526 723 632 772 causa
654 696 796 770 nullum
823 697 1044 796 supplicium
1067 716 1229 788 recuset,
1251 703 1323 774 nisi

245 815 288 885 iis
299 812 410 885 rebus
423 823 454 858 ¹⁰
469 835 635 885 assensus
651 811 697 880 sit
708 817 750 896 ¹¹,
765 833 846 906 quse
860 806 955 881 falsae
972 833 1136 882 essenon
1152 827 1322 912 possunt.

194 954 227 1012 24
245 927 326 1024 ipsa
350 948 438 996 vero
468 921 664 1020 sapientia,
692 921 723 990 si
752 943 790 992 se
820 920 1020 1017 ignorabit,
1049 925 1226 1022 sapientia
1255 928 1324 1013 sit,

244 1057 382 1120 necne3
401 1057 479 1130 quo
495 1026 610 1104 modo
634 1031 791 1129 primum
815 1029 997 1103 obtinebit
1015 1055 1152 1105 nomen
1176 1036 1325 1134 sapien·

244 1143 326 1216 tiae?
351 1142 484 1214 deinde
506 1167 583 1240 quo
608 1140 720 1212 modo
744 1143 927 1241 suscipere
953 1143 1110 1242 aliquam
1125 1169 1237 1232 rem,
1260 1161 1327 1216 aut

244 1277 349 1353 agere
371 1251 529 1325 fidenter
550 1249 718 1341 audebit,
743 1277 859 1350 quum
885 1254 975 1326 certi
1002 1254 1092 1326 nihii
1111 1258 1197 1344 erit,
1220 1255 1326 1354 quod

244 1365 441 1464 sequatur?
458 1389 573 1462 quum
588 1388 676 1436 vero
698 1361 879 1436 dubitabit
899 1365 989 1463 quid
1011 1367 1095 1438 sit¹²
1116 1381 1325 1438 extremum

245 1489 281 1547 et
298 1475 469 1556 ultimum
485 1473 691 1564 bonorum,
716 1475 888 1572 ignorans
911 1501 986 1573 quo
1009 1479 1133 1548 omnia
1158 1475 1325 1548 referan-

243 1599 316 1676 tur,
339 1585 404 1684 qui
431 1585 565 1683 poterit
593 1607 670 1658 esse
691 1581 932 1682 sapientia¹³i
954 1573 1073 1684 Atque
1099 1586 1207 1658 etiam
1233 1585 1326 1659 illud

247 1697 481 1795 perspicuum
516 1709 590 1784 est,
623 1696 796 1766 constitui
827 1719 975 1768 necesse
1010 1720 1089 1768 esse
1119 1697 1268 1768 initium
1278 1701 1326 1782 ¹⁴,

167 1847 170 1855 -
247 1804 349 1905 quod
371 1800 565 1906 sapientia,
590 1829 706 1903 quum
729 1805 816 1903 quid
841 1829 947 1904 agere
965 1801 1171 1904 incipiat¹⁵,
1191 1829 1327 1904 sequa·

247 1931 327 2007 tur3
343 1913 454 2015 idque
473 1917 617 1988 initium
637 1941 714 1988 esse
733 1933 870 1988 naturae
889 1915 1215 1990 accommodatum.
1230 1921 1328 1991 Nam

246 2022 350 2094 aliter
366 2024 540 2122 appetitio
552 2020 583 2068 ¹⁶
598 2022 699 2118 (eam
713 2024 811 2096 enirn
826 2049 903 2096 esse
917 2024 1087 2096 volumus
1105 2023 1237 2122 ὁρμήν),
1251 2047 1329 2120 qua

245 2181 395 2270 prehendens
406 2212 443 2252 est
452 2216 502 2252 rem
511 2211 638 2264 accusatu
651 2205 763 2270 percipe·
805 2205 888 2254 Deris.
902 2221 934 2253 cx
942 2215 1049 2269 quatuor
1060 2205 1124 2264 suis,
1135 2203 1197 2252 meis
1209 2201 1329 2250 oumibus

246 2301 287 2344 rc,
298 2285 387 2349 piene;
406 2299 567 2349 cognoscere,
587 2297 643 2331 curn
653 2283 762 2343 ratione,
806 2283 870 2334 iden
886 2285 1102 2349 comprobantibus
1119 2301 1125 2334 ι
1139 2284 1233 2332 hebent
1252 2283 1329 2330 etiam

246 2363 395 2429 intelligers3
409 2365 559 2412 consumere
572 2373 672 2424 sutem,
689 2378 721 2411 ex
735 2377 762 2410 rs
806 2365 880 2413 Vien.
896 2367 961 2414 Ven.
985 2373 1071 2428 ¹49⁴»
1092 2363 1215 2427 editaque
1234 2361 1330 2426 pium.

246 2441 551 2492 sicintellectsconsilium
561 2455 678 2506 caperes.
695 2441 726 2490 G.
806 2441 960 2492 Desiderabit
979 2442 1007 2491 id
1028 2441 1133 2508 denique
1155 2453 1198 2490 tus
1216 2451 1329 2506 sponte,

281 2537 308 2586 9.
320 2521 352 2569 Ut
360 2520 489 2587 qnisquam
499 2521 564 2570 tanti
574 2518 763 2584 cestimctoequi-
806 2539 881 2586 quum
896 2523 954 2570 alise
964 2522 1046 2571 hiules
1056 2521 1100 2570 fiat
1108 2522 1198 2570 oratio.
1209 2519 1329 2583 Nouigi-

246 2612 318 2650 ταωνι
333 2601 452 2670 etfidem.
469 2600 560 2652 Noble
575 2599 714 2665 exemplum
726 2609 763 2647 est
806 2611 848 2650 tur
854 2601 958 2650 attendit
966 2601 1024 2650 Em.
1033 2617 1109 2666 quum
1119 2599 1245 2666 rdgetsm
1255 2613 1331 2663 repe·

246 2680 277 2728 de
289 2678 362 2728 Offlc.
376 2683 405 2737 t,
429 2681 474 2738 rs,
495 2681 526 2728 dc
545 2679 656 2744 Regulo,
673 2679 762 2742 'primo
807 2691 879 2730 teret.
893 2681 925 2728 G.

245 2761 339 2808 Punico
347 2752 521 2808 beilosi’oenis
528 2769 609 2823 capto.
619 2757 678 2820 Qui,
685 2771 761 2822 quum
844 2762 885 2810 13.
897 2759 948 2824 Qui
954 2759 1049 2825 poterit
1058 2775 1111 2808 csse
1121 2755 1256 2822 supientia.
1270 2759 1291 2806 1.
1302 2773 1328 2805 e.

246 2838 277 2887 dc
288 2839 391 2905 captivis
402 2837 581 2886 commutandis
592 2839 697 2886 Rornsm
707 2837 763 2884 mis·
805 2860 820 2880 ι
827 2853 878 2902 quo
893 2839 970 2888 modo
987 2838 1041 2907 ficri
1055 2839 1163 2905 poterit,
1181 2848 1211 2885 ut
1224 2851 1283 2884 rere
1295 2837 1328 2884 eit

246 2933 286 2966 eus
304 2929 383 2978 esset,
399 2919 552 2980 iurassetque
570 2931 595 2963 se
609 2917 761 2964 rediturum:
806 2933 859 2982 esp.
868 2941 880 2960 n
892 2917 918 2966 si
929 2917 999 2967 aliter
1006 2916 1145 2986 acceperis,
1153 2914 1271 2964 mutand·
1281 2915 1329 2964 erit

245 2998 364 3063 primum,
375 3009 403 3046 nt
412 2995 615 3059 veuit.esptiros
623 2993 762 3043 reddendos
806 2996 936 3046 verborum
947 2997 1030 3048 series.
1041 2997 1073 3047 G.

246 3077 273 3124 in
287 3088 373 3126 senetu
385 3091 437 3124 nou
450 3075 558 3132 censuit;
573 3074 672 3134 deinde,
686 3089 762 3138 quum
845 3087 885 3135 14.
905 3077 1024 3126 Constitui
1040 3091 1137 3125 necesse
1152 3089 1206 3123 esse
1218 3073 1326 3123 initium

245 3157 390 3206 retineretur
410 3171 425 3204 s
446 3153 608 3220 propinquis,
622 3167 649 3203 et
657 3153 688 3202 ab
701 3155 762 3202 cmi·
806 3155 915 3204 Verbum
926 3157 956 3204 de
966 3155 1042 3204 verbo
1051 3154 1139 3214 vertit,
1152 3149 1248 3220 siwia:
1262 3153 1326 3201 inin

246 3233 299 3295 cis,
322 3235 354 3284 sd
381 3235 529 3300 supplicium
554 3233 635 3282 redire
660 3234 762 3292 maluit,
806 3233 916 3300 §29st
922 3235 1044 3296 judicium
1061 3233 1137 3283 reri»
1154 3243 1267 3282 vocetur.
1286 3233 1327 3280 Sin

248 3329 321 3376 quem
334 3313 409 3363 fidem
422 3315 489 3363 hosti
502 3313 581 3362 dotem
593 3311 685 3362 fallere.
699 3313 760 3362 tid.
807 3325 887 3364 sutem
896 3315 1006 3380 scripsit,
1014 3325 1043 3362 ut
1052 3322 1328 3378 opponereturuextre·

246 3391 282 3440 tbi
292 3394 375 3442 Gcrvii
383 3405 468 3441 notas.¹
477 3394 512 3441 Η.
603 3439 606 3446 ,
807 3411 849 3442 mo
860 3405 886 3442 et
897 3393 984 3443 ultimo
995 3395 1147 3442 bonorum».
1160 3394 1193 3440 G.

284 3485 327 3519 so.
343 3470 400 3518 Nisi
412 3471 441 3518 iis
454 3473 535 3520 rebus.
550 3473 656 3521 Gtcrens
670 3467 712 3518 dat
726 3467 763 3518 isis
846 3469 885 3523 15.
900 3474 978 3536 Quum
988 3471 1050 3538 quid
1057 3468 1255 3536 qms’eups'at.
1265 3473 1288 3518 1.
1301 3483 1325 3516 e.

247 3547 279 3596 cie
288 3563 365 3608 more,
377 3549 478 3597 Davino
488 3561 619 3614 praeeunte.
807 3571 820 3594 a
829 3565 905 3615 quum
922 3551 1039 3617 sapientis
1052 3548 1189 3611 judicando
1204 3545 1266 3610 qnid
1281 3561 1327 3610 sg-

285 3643 325 3674 11.
339 3629 456 3676 Assensus
464 3628 503 3678 sit.
512 3629 575 3690 ¹Non
588 3626 700 3693 displicet
710 3631 762 3678 Gu·
807 3645 886 3695 gressa
896 3630 927 3678 sit
936 3651 956 3678 a.
967 3631 1008 3680 Cf.
1016 3631 1087 3693 Legg.
1096 3630 1121 3686 I,
1134 3643 1161 3690 7,
1173 3641 1206 3675 aa
1215 3639 1222 3673 ε
1231 3647 1245 3667 ι
1252 3625 1326 3675 ussto

247 3705 314 3756 dissei
329 3706 392 3754 ordo
407 3705 439 3754 sit
452 3723 571 3756 assensus.
585 3710 619 3756 At
638 3708 664 3756 iu
677 3723 707 3756 eo
720 3707 762 3756 hic
807 3725 884 3773 quum
906 3708 1015 3758 adolevit
1039 3715 1114 3772 atque
1136 3707 1245 3772 perfecte
1273 3716 1324 3762 est,

246 3785 311 3835 idem
323 3801 379 3834 eum
392 3787 435 3833 Dr.
446 3798 471 3836 et
480 3785 538 3834 edd.
548 3797 609 3836 vett.
623 3787 761 3852 nonnullis,
806 3790 947 3838 nominetur
960 3789 1005 3837 rite
1018 3787 1136 3853 sapientis
1146 3807 1169 3835 ·.
1185 3787 1246 3835 Huc
1260 3785 1325 3833 enim

194 3893 205 3900 -
246 3865 383 3916 sudiendus
393 3859 444 3914 non
456 3876 504 3924 est,
516 3881 592 3930 quum
603 3868 630 3914 in
644 3859 763 3931 proximis
807 3869 889 3916 omnia
900 3878 957 3916 sunt
971 3883 1033 3933 pura
1045 3876 1106 3932 puts
1120 3867 1218 3925 scoies,
1232 3865 1327 3914 Antio·

182 3961 189 4010 t
242 3945 340 4011 possim
357 3943 465 4010 prsebct3
485 3945 553 4008 quod
572 3955 656 3994 ustum
676 3956 714 3994 cst
731 3961 762 3994 ex
807 3946 866 3995 cites
874 3947 1043 3996 resteinduts.
1055 3947 1088 3994 G.

246 4025 380 4087 subiunctt.
394 4022 600 4089 precedentibus.
615 4026 648 4073 G.
844 4012 1118 4092 16.Appetitio.Gppin
1125 4019 1243 4088 inntligs,
1252 4037 1325 4087 qusm

284 4119 324 4155 ss.
340 4103 407 4170 Quid
415 4101 451 4153 sit
463 4113 607 4152 extremum.
622 4102 660 4151 Sit
667 4101 763 4154 eddidit
806 4105 882 4154 Stoici
896 4101 989 4173 λογικὸν
1002 4114 1109 4165 vocant,
1123 4103 1156 4153 cs.
1175 4103 1231 4151 Fies.
1246 4104 1279 4161 V,
1292 4101 1322 4158 6,
