2786 4674
267 313 339 384 600
600 317 647 384 M.
676 321 715 386 T.
742 315 984 420 elcuuottls

266 449 332 496 vata
352 436 456 494 horum
475 435 569 496 media
582 437 671 510 fiunt,
696 439 875 502 tenebimus:
893 451 962 498 tunc
977 438 1054 498 enim
1070 440 1173 498 nemini
1183 441 1339 500 concede-

268 547 348 600 mus,
366 526 474 586 dicenti
487 527 593 587 alicubi
608 549 670 588 esse
691 531 782 590 oculis
802 532 928 610 patentia
946 531 1113 608 pulchriora
1125 532 1168 590 his
1182 553 1336 614 corpora,

267 640 390 698 quorum
412 621 563 698 quodlibet
583 623 740 682 secundum
763 645 852 682 unum
873 625 911 682 sit
932 643 1039 701 genus:
1059 623 1218 683 conandum
1238 627 1337 702 igitur

266 725 392 791 quatuor
406 732 564 791 corporum
578 734 682 792 genera
697 717 913 793 pulchritudine
930 717 1122 795 praecellentia
1137 719 1334 780 constituere:

265 819 352 883 atque
361 807 402 864 ita
410 825 539 865 asserere
549 806 655 866 horum
667 828 720 868 nos
734 821 863 867 naturam
875 809 1050 867 sufficienter
1059 809 1333 886 comprehendisset

264 919 280 956 e
294 897 410 957 duobus
423 898 542 976 quidem
559 900 706 976 triangulis
720 901 868 971 isosceles,
881 899 912 958 id
926 912 984 972 est,
1000 901 1051 977 qui
1066 899 1197 958 cruribus
1212 913 1334 958 constat

263 989 439 1066 aequalibus,
464 990 578 1048 unicam
598 989 688 1050 babet
707 1004 857 1050 naturam:
881 991 932 1068 qui
957 1011 1028 1050 vero
1056 992 1148 1050 altera
1174 1006 1257 1071 parte
1286 1006 1333 1050 est

263 1079 427 1160 oblongior,
441 1081 585 1140 infinitas:
602 1103 685 1161 ergo,
706 1085 731 1142 si
743 1097 820 1143 recte
832 1083 963 1142 exordiri
975 1084 1126 1156 volumus,
1150 1085 1330 1142 infinitorum

263 1193 379 1250 quoque
392 1173 618 1251 pulcherrimum
632 1176 797 1254 praeeligere
808 1195 861 1236 nos
871 1188 1007 1253 oportet:
1022 1195 1056 1234 ac
1070 1175 1094 1234 si
1104 1176 1170 1252 quis
1180 1175 1331 1253 pulchrio

263 1282 325 1322 rem
338 1283 354 1322 a
368 1283 399 1322 se
411 1265 534 1324 electum
549 1265 586 1324 ad
601 1266 706 1326 horum
723 1267 955 1326 constitutionem
964 1263 1077 1327 'afferre
1097 1267 1232 1336 voluerit,
1248 1267 1331 1344 ejus,

263 1372 322 1411 non
336 1367 481 1431 tamquam
495 1356 664 1428 adversarii,
673 1359 725 1416 sed
738 1372 883 1436 tamquam
896 1359 995 1432 amici,
1009 1360 1046 1418 sit
1058 1361 1199 1418 sententia
1213 1361 1328 1437 potior:

266 1465 356 1504 unum
374 1448 489 1525 itaque,
507 1449 623 1526 reliquis
644 1449 834 1528 posthabitis,
851 1450 1060 1528 triangulorum
1082 1451 1237 1510 multorum
1257 1453 1327 1530 pul-

265 1536 440 1597 cherrimum
457 1543 607 1619 ponimus,
624 1561 640 1599 a
662 1561 721 1618 quo
735 1543 884 1620 aequilater
898 1542 1055 1619 triangulus
1069 1561 1103 1601 ex
1120 1545 1206 1600 tertio
1221 1543 1327 1601 consti-

271 1630 324 1688 tit:
342 1631 417 1690 ratio
431 1651 516 1704 vero,
534 1653 587 1692 cur
601 1634 640 1692 ita
653 1633 704 1705 sit,
718 1633 861 1712 prolixior
876 1647 969 1692 esset:
993 1647 1118 1704 etcum,
1132 1633 1184 1710 qui
1197 1633 1327 1710 diligenti

265 1719 441 1783 discussione
464 1724 504 1782 ita
523 1745 584 1784 esse
601 1725 774 1804 comperiet,
796 1724 881 1784 dulce
902 1737 996 1784 manet
1015 1724 1144 1782 victoria
1166 1726 1324 1802 praemium.

264 1815 409 1891 Propositi
429 1835 498 1874 sane
519 1816 604 1876 nobis
622 1818 679 1876 sint
696 1817 755 1874 duo
769 1836 785 1874 e
801 1816 899 1875 multis
913 1815 1060 1892 trianguli,
1074 1835 1111 1873 ex
1130 1815 1237 1892 quibus
1253 1815 1324 1892 iguis

266 1918 486 1985 ceterorumque
506 1927 630 1986 corpora
645 1910 805 1986 composita
817 1919 901 1966 sunt:
921 1908 1025 1965 horum
1040 1926 1114 1966 nnus
1127 1907 1259 1966 isosceles
1272 1909 1323 1978 sit,

262 1999 422 2078 aequalibus
443 1999 577 2058 cruribus
597 2010 732 2058 constans
753 2000 929 2077 triangulus:
953 1998 1029 2058 alter'
1041 2017 1112 2056 vero
1134 1998 1173 2056 sit
1188 1999 1255 2070 ille,
1275 1999 1324 2074 qui

261 2091 375 2168 lougius
388 2091 462 2148 latus
475 2110 590 2169 semper
602 2090 736 2150 breviore
752 2092 842 2150 latere
856 2091 987 2169 potentia
1002 2090 1090 2167 triplo
1106 2090 1199 2166 majus
1217 2088 1320 2149 habet:

262 2201 380 2252 verum,
397 2181 477 2257 quod
491 2183 586 2240 securi
598 2183 718 2241 nimium
731 2183 762 2240 in
775 2181 977 2260 superioribus
990 2182 1130 2255 diximus,
1146 2202 1225 2240 nunc
1238 2183 1321 2260 magis

262 2285 306 2332 est
323 2271 579 2348 distinguendum:
596 2274 769 2334 videbantur
789 2275 906 2352 quidem
922 2273 1021 2344 nobis,
1044 2293 1139 2350 neque
1159 2271 1190 2330 id
1208 2273 1318 2351 quiden

262 2363 331 2423 satis
344 2374 437 2432 recte,
449 2365 546 2423 omnia
557 2379 685 2442 quatuor
698 2385 802 2444 genera
813 2387 850 2424 ex
861 2386 892 2426 se
905 2366 1026 2424 invicem
1037 2365 1183 2441 generari:
1194 2365 1318 2443 prolecto

246 2469 388 2534 .quatuor
398 2474 504 2533 genera
518 2477 552 2514 ex
566 2457 731 2534 triangulis,
745 2477 819 2535 quos
830 2459 982 2535 elegimus,
992 2443 1182 2534 generantur:
1197 2457 1252 2514 tria
1261 2457 1318 2533 qui·

263 2547 329 2612 deni
344 2568 381 2606 ex
394 2567 467 2618 uno,
481 2548 634 2630 inaequalia
647 2546 770 2606 habente
783 2550 893 2607 latera:
913 2561 1051 2626 quartum
1065 2565 1140 2612 vcro¹
1153 2548 1270 2606 unicum
1287 2567 1318 2604 ex

263 2639 406 2716 triangulo
420 2639 539 2698 isoscele
550 2639 754 2716 componitur:
774 2657 834 2698 uon
848 2640 936 2717 igitur
949 2651 1071 2717 possunt
1089 2639 1188 2697 omnia
1200 2639 1241 2696 ita
1254 2639 1282 2696 in
1291 2657 1316 2696 se

261 2733 387 2790 invicem
402 2731 508 2789 resolvi
522 2743 552 2788 et
566 2731 752 2802 commutari,
766 2746 799 2789 ut
809 2749 846 2789 ex
856 2731 953 2789 multis
965 2730 1062 2809 parvis
1075 2747 1169 2808 pauca
1182 2729 1316 2807 ingentia,

263 2823 307 2882 vel
323 2841 480 2895 converso,
498 2821 678 2881 efficiantur:
696 2822 752 2880 tria
768 2835 845 2881 certe
863 2835 1004 2900 possunt:
1026 2839 1117 2899 quum
1128 2820 1205 2880 enim
1216 2841 1252 2878 ex
1265 2839 1317 2878 uno

261 2915 324 2973 haec
334 2915 409 2972 lacta
424 2914 481 2972 sint
495 2914 607 2984 omnia,
624 2913 742 2991 quando
758 2913 867 2990 majora
885 2915 1045 2982 solvuntur,
1062 2911 1154 2970 multa
1171 2912 1316 2990 exiguam

262 3004 369 3074 οἱςάοω
391 3004 622 3079 constituuntur,
646 3023 751 3082 parvas
773 3023 973 3082 congniasque
998 3001 1055 3060 sibi
1078 3003 1185 3080 figuras
1203 2999 1315 3080 adepta:

261 3116 381 3168 rursus,
402 3095 520 3174 quando
544 3097 636 3156 multa
654 3115 707 3173 per
731 3093 888 3172 triangulos
911 3085 1117 3172 disperguntur
1137 3093 1315 3170 amplificata,

260 3207 350 3246 unum
366 3187 450 3246 unius
463 3187 548 3246 molis
567 3187 676 3246 faciunt
691 3205 861 3257 numerum,
881 3204 1071 3263 magnamque
1093 3183 1179 3242 aliam
1199 3184 1315 3261 speciem

252 3271 346 3338 'umm
360 3279 512 3357 perficiunt
524 3301 530 3336 ε
554 3279 616 3338 bac
628 3279 728 3354 utique
739 3277 776 3336 de
788 3291 888 3336 mutua
900 3279 1032 3355 ipsorum
1043 3276 1233 3354 generatione
1245 3275 1315 3334 dicta

260 3370 316 3428 sint
340 3371 492 3430 hactenus:
511 3369 654 3447 reliquum
679 3382 737 3440 est,
757 3382 807 3439 ut,
822 3369 915 3447 qualis
931 3387 1053 3445 qumque
1073 3385 1176 3424 eorum
1197 3366 1271 3423 facta
1285 3367 1316 3424 sit

260 3461 387 3539 species,
403 3475 433 3519 et
449 3461 608 3539 exquibus
629 3457 869 3520 concurrentibus
888 3459 1015 3518 numeris
1037 3468 1222 3528 coacervata,
1243 3455 1313 3516 dica-

259 3571 343 3611 mus:
360 3552 416 3610 erit
437 3553 539 3630 utique
558 3555 652 3630 prima
674 3553 802 3630 species,
823 3571 888 3629 quae
909 3571 946 3609 ex
964 3549 1143 3630 paucissimis
1163 3550 1316 3626 composita

259 3643 361 3710 luerit,
376 3643 548 3702 elementum
559 3643 634 3721 ejus,
644 3644 724 3721 quod
738 3643 810 3702 latus
824 3641 978 3720 oblongius
987 3639 1116 3700 breviori
1132 3641 1223 3698 latere
1232 3639 1315 3716 duplo

256 3735 347 3813 majus
358 3775 361 3782 ·
372 3733 478 3792 babet:
505 3755 595 3813 quum
619 3755 688 3794 vero
710 3734 772 3798 bini
787 3733 953 3812 hujusmodi
970 3733 1128 3792 secundum
1149 3729 1315 3790 diametrum

255 3838 476 3905 componantur,
493 3838 594 3904 terque
614 3827 644 3884 id
667 3827 733 3900 liat,
757 3841 786 3886 et
811 3826 944 3886 diametri
967 3828 1114 3903 lateraque
1135 3821 1270 3882 breviora
1288 3824 1314 3881 in

257 3918 332 3976 ideru
343 3918 425 3996 quasi
438 3932 571 3978 centrum
589 3917 742 3992 ducantur,
759 3939 833 3978 unus
848 3919 1006 3998 triangulus
1020 3916 1220 3994 aequilateres
1232 3916 1313 3972 trian-

257 4009 329 4084 gulis
345 4029 465 4068 uumero
480 4029 530 4068 sex
543 4009 713 4068 conficitur:
736 4011 869 4088 trianguli
887 4025 981 4070 alitem
999 4009 1178 4088 aeqriilateres
1194 4020 1313 4085 quatuor
