2762 4682
184 387 191 410 ⁸
230 385 277 458 86
597 385 925 458 INTRODUCTIO.

230 510 337 572 tinent
354 529 363 574 ι
383 506 507 596 dequo
525 507 571 572 sic
586 507 620 572 in
638 507 739 596 ipsius
762 507 826 571 vita
842 505 1037 571 Plutarchus
1054 503 1100 591 (1)
1116 527 1125 569 ι
1141 533 1155 560 ι
1172 504 1302 594 Scripta

230 613 453 707 philosophica
468 613 599 702 reliquit
614 637 682 679 non
698 635 800 703 pauca
814 610 855 678 ad
872 610 1097 677 Academicam
1119 627 1300 676 consuctu-

232 721 342 785 dinem
361 736 394 786 et
410 717 589 786 disserendi
605 721 744 786 formam
771 716 1014 784 accommodata
1028 747 1052 782 ι.
1066 717 1170 781 latum
1189 733 1301 782 tamen

232 825 372 892 docendi
388 849 512 891 morem
524 825 641 909 Stoici,
659 841 698 890 ut
714 841 748 891 et
763 823 953 890 Academica
969 824 1095 906 omnia,
1119 824 1302 912 exagitant,

231 955 335 1022 qutun
349 931 463 998 eodem
480 949 513 997 et
523 932 585 1022 ipsi
601 953 719 1023 genere
729 933 923 1022 plerumque
934 932 983 996 uti
995 936 1248 1020 comperiantur,
1262 951 1302 993 ac

232 1042 369 1106 maxime
388 1040 610 1129 Chrysippus,
628 1057 667 1106 ut
689 1037 882 1104 Plutarchus
900 1037 948 1128 (a)
975 1037 1155 1121 adnotavit,
1179 1036 1303 1117 eteius

231 1148 277 1213 rei
296 1145 481 1235 exemplum
496 1167 576 1230 nos,
600 1168 704 1235 quum
720 1144 762 1212 de
779 1145 963 1235 Chrysippo
978 1152 1167 1234 ageremus,
1185 1165 1225 1206 ex
1242 1163 1303 1205 co·

231 1252 306 1318 dem
325 1251 500 1318 Plutarcho
515 1251 753 1341 descripsimus.
768 1253 935 1318 Romanus
953 1253 1022 1340 ipse
1035 1253 1124 1314 Zeno
1134 1248 1183 1338 (3)
1199 1247 1304 1312 libros

133 1419 135 1422 .
191 1437 197 1448 Ι
231 1381 310 1424 suos
322 1360 369 1423 sic
381 1359 444 1447 legi
457 1359 544 1443 vult,
568 1375 735 1446 tamquam
750 1359 834 1443 ejus,
853 1357 911 1448 qui
934 1352 1057 1447 qdaerat
1083 1354 1211 1439 adhuc,
1230 1375 1302 1418 non

222 1465 322 1530 sciat.
341 1463 418 1530 Non
440 1465 540 1546 enim,
565 1465 691 1553 inquit,
722 1489 771 1530 me
795 1468 943 1555 οιιίᾳιιαιιι
968 1465 1147 1552 mancipavi
1153 1510 1163 1543 ,
1184 1459 1305 1526 natans

233 1569 446 1658 comensem,
471 1586 531 1636 etc.
549 1571 662 1636 Cicero
681 1570 729 1659 (4)
747 1571 890 1660 primum
906 1571 941 1634 in
959 1567 1164 1659 philosophia
1189 1569 1303 1631 locum

233 1675 443 1741 Academicos
454 1691 565 1742 tenere
576 1699 615 1746 ex
625 1697 665 1742 co
679 1677 831 1766 putabat,
849 1674 942 1764 quod
954 1675 1104 1752 secundae
1118 1674 1179 1738 illis
1194 1689 1305 1762 partes

232 1805 251 1845 a
267 1782 383 1847 ceteris
397 1781 699 1871 philosophantium
711 1783 823 1865 sectis,
842 1783 904 1848 sibi
913 1783 1033 1872 primas
1043 1779 1303 1862 vindicantibus,

233 1886 502 1952 concederentur.
515 1887 568 1952 Sic
579 1888 814 1956 Themistocles
828 1889 953 1978 primus
965 1887 998 1951 in
1013 1885 1184 1954 Salaminia
1199 1885 1304 1949 navali

233 2012 344 2085 pugna
358 1991 498 2058 hahetur
504 1993 623 2080 ,quod
639 2010 823 2060 ceterorum
836 1995 1024 2061 Graecorum
1040 1993 1170 2057 calculis
1185 2011 1305 2056 secun·

234 2096 296 2160 dus
320 2095 420 2160 fucrit
437 2097 682 2186 pronunciatus.
702 2099 811 2192 Atque
828 2098 898 2162 haec
917 2097 958 2163 dc
976 2119 1070 2175 noca,
1089 2097 1207 2174 idest,
1225 2097 1305 2159 em

234 2201 345 2266 ncadis
361 2201 539 2268 Academia
555 2203 707 2268 habuisse
722 2225 794 2292 quac
807 2201 989 2268 diceremus
997 2225 1083 2292 ,pro
1097 2201 1200 2269 nostri
1210 2202 1306 2326 inge·

236 2308 281 2371 nii
272 2305 448 2390 modulo,
468 2331 537 2373 non
555 2309 709 2398 exiguum
726 2308 888 2378 ducimus

411 2490 502 2569 §Vl
538 2491 625 2562 Dc
610 2493 652 2558 n's
673 2493 732 2580 qai
753 2490 912 2558 Carneadi
928 2506 1148 2559 maenaa-ant.

278 2679 332 2758 64.
352 2677 506 2744 Carneadi
518 2667 628 2744 autem
643 2679 797 2744 successit
809 2675 1029 2743 Clitomachus
1046 2677 1182 2756 Poenus,
1199 2680 1308 2768 patrio

235 2785 369 2850 nomine
386 2783 549 2854 Asdrubas
567 2783 613 2872 (5)
638 2800 731 2852 antea
748 2799 899 2866 vocatus,
917 2807 986 2850 non
1003 2783 1136 2873 quidem
1154 2785 1223 2874 ipsc
1239 2769 1307 2874 pri·

235 2912 309 2954 mus
324 2890 410 2954 inter
422 2889 595 2954 Carneadis
607 2888 783 2979 discipulos
802 2913 810 2954 :
828 2911 970 2978 namque
984 2891 1076 2958 illum
1090 2889 1199 2954 locum
1215 2890 1309 2955 Men-

235 3013 288 3060 tor
299 2995 459 3085 Bithynus
473 2982 579 3061 tenuit
594 2995 641 3087 (6)
654 3017 785 3064 :verum
800 2997 890 3060 hunc
905 2995 1084 3064 Carneades
1100 3018 1176 3060 cum
1191 2995 1307 3085 pellice

235 3104 476 3195 deprehensum
496 3103 829 3193 (comprehendentem
846 3103 1053 3192 phantasiam
1076 3103 1176 3168 fuisse
1199 3105 1307 3188 illam,

235 3233 304 3276 non
332 3211 527 3300 probabilem
551 3211 675 3295 modo,
700 3210 880 3280 Carneades
908 3212 1047 3278 fateatur
1079 3212 1234 3301 oportet)
1268 3235 1310 3294 ex,

235 3316 346 3382 schola
360 3319 505 3406 primum
519 3317 678 3400 ejectum,
701 3319 793 3406 quasi
806 3315 1008 3384 exheredem
1029 3318 1105 3383 fecit
1125 3334 1159 3382 et
1176 3339 1307 3383 succes·

234 3423 327 3490 sione
353 3427 500 3513 privavit.
530 3426 749 3494 Clitomachus
775 3448 854 3515 ergo
881 3425 1044 3514 magistri,
1075 3423 1132 3514 qui
1161 3414 1246 3490 nihil
1273 3425 1306 3489 in

270 3592 1001 3682 (1)1ucom.parnen0.n1nhncneeoms,.‚.pagttcd

270 3679 418 3748 ()Ι)ιο
350 3681 475 3730 cossim
476 3691 566 3732 oiim

269 3766 308 3836 (3)
326 3770 415 3819 ⁸⁸³⁰·
388 3771 493 3835 eninr
473 3781 514 3819 ιιι
526 3771 569 3827 ⁴⁵·

269 3855 606 3923 (4)Apnneod1).hgnat.
607 3859 722 3910 ιιιιιΔοι
695 3859 1056 3928 cnd.lib.111,orp.7,§rll.

269 3945 309 4012 (5)
325 3945 520 3996 AlilAsdrabal.
579 3973 581 3976 ·

267 4033 305 4099 (6)
323 4037 402 4084 laert.
414 4036 441 4084 in
453 4035 591 4099 Cnmeade,
600 4039 716 4097 ccccm,
729 4035 773 4086 lih.
782 4039 829 4100 lv,
846 4049 871 4087 ct
883 4037 1020 4088 Numenius
1036 4036 1104 4104 apud
1118 4036 1210 4090 aaut.
1224 4039 1305 4106 Prcp.

234 4119 327 4186 Evmg.
341 4121 385 4170 lib.
394 4123 466 4188 xlv,
478 4138 533 4191 cap.
546 4124 577 4185 Β,
589 4123 644 4190 pag.
658 4119 723 4188 738,
736 4125 762 4178 d.
