2770 4688
253 412 297 494 r..
491 409 540 478 m
559 407 801 478 cressonis
824 407 1089 477 ACADEMICA

254 531 313 596 tibi
332 529 414 592 mitti
430 527 470 592 ad
483 525 661 594 Varronem
677 530 767 617 quod
781 530 1009 618 scripsimus...
1027 529 1084 592 etsi
1098 527 1232 590 nomina
1247 528 1323 608 jam

255 639 337 702 iacta
355 650 453 698 sunt:
472 633 529 698 sed
545 634 594 698 vel
616 634 743 718 induci,
761 638 812 700 vel
833 635 966 712 mutari,
987 649 1125 720 possunt
1141 663 1170 695 ι.
1195 633 1244 694 De
1262 631 1323 696 his

253 743 341 807 libris
352 741 428 830 ipsis
442 740 487 804 sic
501 741 610 805 scribit
626 764 676 829 ep.
695 743 753 808 16:
775 775 787 800 ι
807 742 895 806 lllam
911 743 1072 821 lsednpuls
1085 749 1195 812 σύνταξιν
1210 754 1323 803 totam

253 845 293 910 ad
308 847 484 910 Varronem
501 844 712 912 traduximus.
733 848 843 912 Primo
858 846 919 909 hait
937 845 1055 924 Catuli,
1071 843 1212 924 Luculli,
1227 844 1324 907 Hor·

252 951 372 1016 tensii:
400 947 535 1034 deinde,
557 951 633 1038 quia
658 967 727 1036 παρὰ
754 965 782 1018 τὸ
804 971 896 1038 πρέπον
919 949 1100 1030 videbatur,
1130 948 1220 1036 quod
1247 965 1324 1012 erat

253 1062 443 1128 hominibus
460 1075 552 1138 nota,
567 1079 634 1120 uon
649 1055 701 1119 illa
714 1052 846 1141 quidem
860 1061 1027 1130 ἀπαιδιυσίι,
1044 1052 1145 1119 sedin
1163 1055 1200 1117 iis
1216 1053 1324 1118 rebus

236 1179 372 1249 septula,
392 1162 488 1231 simul
503 1185 539 1226 ac
556 1161 630 1225 veni
650 1161 684 1223 in
702 1159 825 1241 villam,
843 1158 974 1223 eosdem
996 1159 1066 1223 illos
1091 1181 1256 1223 sermones
1275 1159 1324 1222 ad

255 1277 411 1340 Catonem
427 1277 628 1355 Brutumque
642 1267 801 1330 transtuli.
817 1262 898 1330 Ecce
914 1283 977 1342 tute
989 1266 1086 1330 literae
1099 1264 1139 1329 de
1148 1267 1321 1329 Varrone:

254 1379 377 1444 nemini
388 1380 454 1441 visa
468 1393 517 1440 est
528 1373 769 1461 aptiorlvadxua
782 1371 863 1433 ratio
876 1393 883 1434 :
898 1367 953 1434 sed
965 1388 1071 1434 tamen
1087 1371 1181 1434 velim
1195 1371 1322 1435 scribas

255 1484 295 1549 ad
313 1503 380 1558 me,
397 1481 539 1569 primurn
555 1478 719 1566 placeatne
738 1475 797 1538 tibi
815 1475 935 1562 aliquid
953 1475 993 1539 ad
1007 1477 1117 1559 illum3
1137 1475 1272 1558 deinde,
1292 1478 1323 1540 si

253 1588 409 1682 placebit,
427 1587 532 1650 hocne
556 1583 759 1672 potissimum
772 1611 795 1644 υ.
816 1581 904 1662 Quas
926 1599 1034 1645 autem
1055 1598 1160 1670 partes
1178 1581 1324 1646 Varroni

254 1695 396 1774 dederit,
414 1690 592 1756 accuratius
612 1686 745 1775 exponit
763 1709 814 1774 ep.
838 1708 894 1772 19:
915 1687 1073 1768 nabsolvi,
1090 1690 1198 1752 nescio
1218 1711 1322 1775 quam

254 1804 357 1882 bene,
373 1797 485 1862 sedita
499 1809 662 1872 accurate,
686 1807 724 1854 ut
745 1789 826 1853 nihil
843 1807 950 1878 posset
962 1814 1075 1879 supra,
1091 1791 1323 1858 Academicum

209 1987 212 1994 .
254 1915 386 1973 omnem
398 1901 608 1991 quaestionem
623 1897 712 1961 libris
727 1912 876 1984 quatuor.
892 1898 929 1959 ln
945 1897 1006 1978 eis,
1020 1919 1091 1985 quae
1103 1914 1193 1961 erant
1204 1915 1323 1983 contra

254 2020 427 2088 ἀκαταληψίαν
441 2004 590 2095 praeclare
605 2003 737 2066 collecta
748 2003 795 2068 ¹ab
811 2002 991 2084 Antiocho,
1007 2003 1146 2066 Varroni
1163 2002 1258 2069 dedi:
1278 2005 1323 2070 ad

256 2141 293 2183 ea
315 2117 383 2204 ipse
405 2110 610 2200 respondeo:
631 2125 668 2171 tu
690 2129 723 2172 es
742 2108 856 2170 tertius
878 2108 912 2171 in
938 2130 1088 2172 sermone
1108 2126 1220 2194 nostro
1233 2141 1256 2173 ι.
1278 2112 1324 2175 Et

188 2245 192 2253 ’
254 2221 363 2314 paucis
383 2217 557 2296 interjectis
580 2212 700 2277 ibidem
721 2212 766 2276 sic
783 2214 912 2300 pergit:
937 2213 1037 2276 «Haec
1054 2211 1258 2298 Academica,
1283 2233 1324 2282 ut

255 2329 333 2408 scis,
349 2347 425 2390 cum
440 2322 572 2401 Catulo,
592 2317 743 2399 Lucullo,
762 2318 936 2382 Hortensio
956 2317 1166 2383 contuleram.
1184 2320 1268 2386 Sane
1285 2325 1323 2386 in

254 2453 407 2524 personas
426 2451 492 2492 non
513 2425 694 2491 cadebant:
713 2438 804 2487 erant
822 2423 909 2486 enim
926 2433 1089 2504 lapsurae,
1105 2449 1202 2514 quam
1220 2445 1258 2492 ut
1275 2430 1324 2495 illi

256 2539 296 2605 de
314 2540 352 2602 iis
369 2535 545 2600 somniasse
565 2553 721 2618 umquam
741 2527 936 2594 viderentur.
959 2530 1091 2618 ltaque,
1113 2549 1151 2595 ut
1167 2534 1230 2622 legi
1249 2551 1323 2600 tuas
1380 2601 1384 2608 ,

257 2646 298 2711 de
322 2643 487 2728 Varrone,
515 2656 679 2724 tamquam
709 2647 804 2716 ἱρμαῖον
826 2637 982 2723 arripui:
1010 2637 1116 2723 aptius
1144 2661 1211 2702 esse
1239 2641 1324 2704 nihil

259 2750 368 2841 potuit
385 2746 426 2811 ad
449 2745 483 2810 id
505 2741 716 2834 philosophias
739 2763 840 2829 genus
863 2763 980 2830 easque
996 2758 1100 2830 partes
1122 2743 1226 2830 (male
1241 2747 1322 2810 Ern.

257 2875 404 2944 measque
418 2849 563 2915 reduxit:
580 2869 664 2911 sens.
682 2847 796 2934 Aptius
813 2847 893 2909 nihil
910 2845 1022 2929 cadere
1038 2871 1071 2936 p.
1090 2871 1186 2944 quarn
1199 2851 1323 2915 Varro·

256 2963 306 3026 nis
322 2979 459 3050 persona
476 2977 579 3043 quum
597 2951 638 3016 ad
655 2952 806 3017 Antiochi
823 2951 1060 3041 philosophiam
1079 2955 1231 3036 omnino,
1247 2972 1322 3020 tum

257 3067 299 3132 ad
314 3088 366 3130 eas
378 3079 484 3153 partes
502 3060 657 3140 maxime,
674 3055 746 3145 qnae
762 3059 813 3121 bis
829 3059 862 3122 in
881 3059 968 3122 libris
985 3059 1181 3125 sustinendae
1197 3063 1321 3148 sunt):

258 3189 378 3237 utnon
395 3170 455 3233 sim
470 3179 708 3253 consequutus,
724 3181 762 3228 ut
778 3165 925 3252 superior
951 3187 1021 3229 mea
1041 3188 1136 3230 eausa
1154 3164 1321 3231 rideatur:

259 3293 337 3343 sunt
357 3275 441 3339 enim
468 3272 675 3336 vehementer
694 3279 786 3332 πιθανὰ
804 3269 973 3334 Antiochia
992 3293 999 3333 :
1020 3293 1091 3357 quae
1112 3269 1282 3358 diligenter
1303 3295 1323 3335 a

261 3405 312 3447 me
336 3399 501 3468 expressa,
520 3398 654 3440 acumen
680 3375 802 3439 habent
820 3375 986 3454 Antiochi,
1009 3376 1148 3440 nitorem
1168 3377 1322 3441 orationis
1383 3397 1384 3436 r

260 3503 424 3566 nostrum;
444 3484 469 3546 si
488 3482 587 3546 modo
603 3485 630 3546 is
652 3499 700 3544 est
718 3481 831 3568 aliquis
847 3481 880 3542 in
898 3481 992 3544 nobis
1003 3513 1026 3546 a.
1044 3483 1103 3570 Ep.
1127 3483 1167 3547 23
1185 3505 1193 3546 :
1210 3483 1322 3548 «Libri
1383 3479 1384 3522 ἒ

260 3593 300 3658 ad
309 3594 488 3656 Varronem
501 3611 565 3652 non
580 3589 812 3652 morabuntur:
825 3601 901 3648 sunt
914 3587 1000 3649 euim
1014 3588 1135 3667 allecti,
1148 3605 1186 3652 ut
1196 3588 1321 3654 vidisti:

260 3716 387 3763 tanturn
404 3696 608 3760 librariorum
627 3689 743 3756 menda
761 3691 930 3756 tolluntur.
952 3694 1001 3756 De
1018 3689 1136 3780 quibus
1154 3692 1242 3758 libris
1261 3696 1321 3758 scis

260 3825 313 3868 me
331 3800 513 3865 dubitasse:
530 3795 587 3862 sed
604 3813 641 3859 tu
656 3795 782 3860 rideris.
793 3804 810 3850 i
830 3795 937 3877 Quam
955 3796 1190 3862 dubitationem
1207 3797 1321 3862 clarius

258 3909 356 3973 docet
376 3929 426 3994 ep.
446 3903 486 3968 25
504 3928 511 3966 :
531 3933 544 3958 ιι
557 3901 642 3964 Volo
653 3903 831 3964 Varronem
849 3901 926 3988 (eos
944 3901 1129 3990 accipere),
1146 3905 1321 3992 praesertim
1382 3943 1383 3954 κ

258 4037 361 4104 quum
376 4012 430 4076 ille
448 4008 627 4074 desideret:
648 4005 704 4070 sed
720 4023 784 4087 est,
803 4023 840 4072 ut
854 4009 929 4090 scis,
950 4020 1030 4079 Διινὸς
1047 4020 1122 4091 ἀνὴρ,
1141 4020 1211 4087 τάχα
1226 4039 1266 4072 m
1281 4018 1321 4072 καὶ
1382 4055 1383 4064 a

255 4130 364 4200 taurios
379 4126 507 4193 αἰτιόῳτο·
527 4115 572 4177 ita
585 4111 666 4176 mihi
683 4135 766 4200 saepe
777 4114 918 4180 occurrit
934 4115 1041 4179 vultus
1059 4114 1144 4198 ejus,
1158 4115 1320 4203 querentis
1382 4165 1383 4186 2
