2762 4682
214 311 261 384 88
584 307 915 390 INTRODUCTIO.

216 437 377 503 sustinere
395 437 446 501 vix
465 453 609 526 poterat,
632 461 705 526 quas
721 455 834 503 contra
849 434 1119 502 Academicorum
1139 435 1298 524 pertinse

217 545 300 607 ciam
316 541 519 624 dicerentur,
536 543 700 607 Ciceronis
713 542 866 610 Lucullus
879 541 924 630 (ι)
938 540 1085 607 affirmat.
1100 541 1295 606 Teneamus

216 671 294 739 ergo
313 649 392 732 hoc,
409 671 541 713 novasse
557 649 749 732 Philonem,
771 672 831 714 nec
853 647 1000 714 eamdem
1021 647 1066 712 illi
1087 670 1163 713 cum
1183 648 1296 712 Clito-

216 753 332 818 macho
349 769 389 834 et¹
400 753 564 830 Carneade
583 755 681 822 luisse
705 754 908 820 sententiam.
932 757 1041 841 Atque
1059 775 1131 841 quse
1152 752 1296 842 illorum

216 859 350 950 quidem
366 862 445 943 fuit,
467 860 594 942 tribus,
612 861 662 926 uti
677 862 906 951 explicuimus,
923 860 1152 928 continebatur
1171 861 1295 948 capiti·

215 967 295 1049 bus,
310 967 530 1057 Acatalepsia,
547 967 733 1050 Probabili,
752 982 785 1033 et
798 967 950 1056 Epoche,
966 967 1031 1034 sive
1044 966 1198 1058 opinandi
1213 989 1295 1057 pro-

215 1075 385 1141 bibitione.
402 1077 451 1140 Ac
467 1076 624 1164 Epochen
638 1076 680 1140 ab
692 1077 762 1165 ipso
774 1099 840 1141 non
852 1091 1088 1156 conservatam,
1102 1097 1206 1162 quum
1221 1074 1296 1162 opi·

217 1182 287 1246 nari
303 1182 487 1270 Sapientem
502 1205 569 1246 non
587 1183 794 1272 prohiberet,
819 1181 1026 1247 manifestum
1045 1197 1111 1262 est,
1129 1195 1163 1245 et
1178 1202 1196 1244 a
1214 1179 1295 1243 Nu·

220 1288 328 1351 menio
353 1301 464 1374 aperte
484 1287 644 1352 scribitur.
673 1289 796 1352 Verum
825 1309 894 1352 nou
923 1287 1029 1352 solum
1057 1286 1121 1350 hoc
1147 1285 1231 1350 novi'
1255 1286 1294 1348 in

218 1393 427 1459 Academiam
446 1394 591 1458 intulisse
602 1394 697 1458 Philo
713 1393 924 1458 accusabatur
933 1391 990 1480 (a).
1002 1393 1092 1468 „Nam
1107 1407 1140 1455 et
1153 1391 1295 1455 Catulus

217 1516 311 1589 pater
325 1499 371 1588 (3)
386 1531 399 1556 α
415 1501 449 1564 in
464 1500 576 1565 eadem
591 1500 748 1565 sententia
762 1515 849 1582 erat,
861 1516 894 1564 et
904 1497 1101 1576 Carneadem
1115 1519 1184 1562 esse
1199 1496 1295 1560 dice·

218 1607 289 1689 bat,
310 1622 348 1670 nt
371 1606 492 1696 percipi
507 1607 588 1672 nihil
600 1629 697 1695 posse
712 1623 857 1696 putaret3
873 1626 1081 1671 assensurum
1096 1621 1206 1668 autom
1220 1625 1295 1666 non

219 1717 391 1801 percepto,
409 1712 443 1777 id
468 1729 533 1794 est,
563 1714 771 1802 opinaturum
788 1713 973 1800 Sapientem
990 1711 1210 1775 existimaret:
1231 1707 1295 1772 sed

219 1818 265 1882 its
280 1835 318 1882 ut
334 1810 490 1907 intelligat
501 1839 535 1881 se
548 1817 690 1906 opinari,
707 1818 851 1906 sciatque
866 1817 949 1881 nihil
964 1839 1034 1880 esse
1046 1814 1136 1904 quod
1146 1835 1297 1902 compre-

221 1921 322 1986 hendi
343 1939 375 1985 et
398 1922 519 2010 percipi
544 1921 648 2009 possit
656 1953 679 1985 ν.
697 1921 764 2002 Qui
780 1937 887 1986 tamen
906 1920 1040 1985 Catulus
1055 1919 1101 2006 (ll
1118 1919 1297 1985 Philonem

221 2026 484 2117 reprehendisse,
504 2025 728 2115 mendaciique
754 2027 957 2091 insimulasse
985 2039 1295 2090 commemoratur:

223 2133 316 2222 quod
341 2133 456 2220 utique
485 2154 551 2196 non
583 2133 719 2210 laceret,
745 2133 773 2196 si
800 2132 893 2196 Philo
922 2132 962 2196 ab
988 2155 1029 2198 eo
1053 2132 1094 2198 de
1118 2129 1297 2195 Carneadis

223 2241 383 2305 sententia
398 2259 465 2301 non
480 2235 673 2302 dissentiret.
691 2237 814 2302 Verum
830 2237 910 2324 qnid
922 2259 982 2302 nos
998 2237 1040 2303 de
1056 2237 1202 2302 Philonis
1218 2257 1297 2300 sen·

223 2345 324 2410 tentia
345 2343 543 2423 sentiamus,
562 2341 795 2431 proferendum
824 2343 1011 2408 summatim
1049 2359 1125 2425 est;
1158 2358 1230 2407 tum
1262 2359 1300 2405 et

223 2466 371 2515 veterum
399 2447 608 2534 testimonia,
632 2447 722 2512 unde
748 2445 834 2528 illam
849 2449 976 2513 ¹elicere
1006 2449 1100 2513 nobis
1126 2447 1298 2530 videmur,

223 2554 454 2648 producemus.

270 2663 325 2729 66.
344 2663 466 2727 Natura
488 2662 532 2725 ita
553 2677 752 2752 comparatas
773 2684 842 2726 esse
859 2683 909 2727 res
929 2684 1062 2742 omnes,
1085 2675 1123 2724 ut
1142 2660 1298 2750 cognosci

227 2785 260 2833 et
284 2765 518 2858 comprehendi
540 2783 692 2856 possent,
710 2767 805 2834 Philo
827 2767 950 2850 aiebat,
969 2783 1066 2856 atque
1088 2764 1169 2830 adeo
1193 2765 1300 2830 multa

226 2875 350 2965 percipi
361 2896 490 2940 :verum
502 2871 566 2938 hoc
575 2895 642 2938 non
655 2896 695 2938 eo
705 2874 805 2939 modo
817 2898 884 2963 quo
897 2875 994 2942 Stoici
1004 2873 1172 2954 dicebant,
1186 2871 1298 2954 idest,

227 2983 363 3047 nonita
381 2997 419 3044 ut
444 3003 547 3068 quum
574 2981 646 3069 quis
669 2981 836 3070 quippiam
861 2981 1028 3070 cognoscit
1052 2997 1084 3045 ct
1104 2995 1298 3068 perceptum

228 3088 347 3171 habet,
377 3103 484 3152 certus
511 3110 548 3152 ac
573 3093 705 3152 securus
733 3087 795 3168 sit,
820 3085 877 3152 aut
901 3110 971 3153 esse
993 3087 1111 3176 possit,
1136 3084 1299 3166 ejusmodi

228 3191 314 3258 illam
332 3194 550 3282 phantasiam,
567 3192 673 3280 quaid
688 3192 961 3280 comprehensum
979 3209 1044 3275 est,
1063 3191 1239 3273 exstitisse,
1259 3207 1301 3255 ut

231 3299 319 3364 nulla
336 3300 398 3388 ipsi
413 3298 525 3364 similis
541 3299 601 3362 alia
615 3315 648 3362 et
663 3321 735 3385 quae
753 3297 893 3364 discerni
903 3298 945 3363 ab
960 3299 1013 3362 illa
1029 3313 1185 3386 nequeat,
1202 3297 1244 3361 ab
1259 3319 1300 3360 eo

232 3403 322 3493 quod
338 3427 406 3470 non
422 3420 487 3486 est,
503 3403 600 3484 objici
618 3403 729 3491 possit.
746 3405 794 3468 Ita
809 3420 864 3484 ut,
880 3403 908 3470 si
924 3404 1023 3469 Stoici
1038 3403 1080 3468 ab
1098 3401 1150 3467 illa
1166 3426 1224 3466 sua
1241 3401 1300 3466 de·

232 3509 379 3574 finitione
395 3510 509 3575 ultima
528 3509 581 3573 illa
600 3509 718 3590 verba,
747 3507 858 3595 Qualis
877 3509 992 3597 afferri
1006 3532 1069 3573 non
1080 3521 1188 3598 potest
1205 3508 1247 3572 ab
1263 3531 1301 3571 eo

233 3616 389 3714 qnodnon
397 3630 458 3697 est,
476 3615 594 3680 auferri
607 3615 794 3705 patiantur,
810 3615 905 3681 Philo
923 3616 1061 3706 amplius
1078 3637 1153 3681 cum
1172 3615 1220 3680 eis
1231 3635 1303 3695 non

268 3793 306 3860 (ι)
323 3794 399 3859 Apud
409 3793 487 3846 Cicer.
501 3793 595 3842 Loculi.
605 3809 658 3859 cap.
668 3795 694 3844 6.

268 3885 307 3947 (a)
322 3885 352 3931 ln
367 3882 446 3932 Cicer.
461 3881 556 3930 Lucull.
573 3897 626 3947 cap.
640 3885 655 3942 4
667 3895 691 3931 et
706 3883 732 3932 6.

269 3969 309 4037 (3)
326 3973 356 4018 ln
366 3969 486 4032 Lucullo,
501 3985 555 4033 cap.
567 3971 609 4026 48.

269 4059 308 4124 (l)
326 4063 356 4109 lu
369 4057 488 4118 Lucullo,
502 4073 553 4106 non
565 4057 645 4107 nrtdto
656 4069 715 4123 post
724 4058 885 4126 principium,
899 4065 978 4124 capt
994 4065 1017 4104 ct
1029 4057 1054 4114 6.
