2784 4666
448 335 451 352 .
532 393 723 461 TlMAEUS.
1087 386 1161 464 ‚633

98 521 133 578 in
144 517 213 577 iriris
225 515 310 574 insita
322 515 367 574 ris
382 511 552 573 inobediens
572 528 658 593 atque
672 511 840 592 imperiosa,
851 525 880 570 et
892 512 973 590 quasi
986 511 1090 570 animal
1104 532 1162 570 non

99 608 261 670 exaudiens
273 609 429 677 rationem,
445 607 619 666 furiosarum
634 607 788 666 libidinum
800 603 938 664 violentia
954 602 1095 680 subjicere
1109 603 1164 663 'sibi

99 714 208 761 cuneta
223 712 365 758 conatur:
383 701 471 758 vulva
484 719 601 778 quoque
611 700 772 777 matrixque
782 699 812 756 in
822 697 933 776 seminis
943 695 1044 754 eadem
1054 697 1164 756 ratione
1189 702 1191 708 '

99 795 209 854 animal
221 791 337 850 avidum
353 792 522 870 generandi,
535 791 652 870 quando
661 793 793 871 procula
808 791 879 848 loetn
893 808 947 868 per
959 788 1049 846 arabs
1062 789 1164 846 florem

101 899 154 946 aut
171 886 248 943 ultra
265 884 374 942 diutins
388 884 546 958 detinetur,
566 903 641 962 anone
655 884 711 942 lert
730 901 841 942 moram
863 901 898 940 ac
911 879 1070 960 plurimum
1087 879 1165 937 indi-

99 991 217 1057 gnatur,
237 977 400 1054 passimque
419 995 474 1053 per
493 995 599 1054 corpus
614 973 753 1034 oberrans
771 986 881 1032 meatus
896 971 1013 1050 spiritns
1027 970 1166 1028 interelu-

101 1070 164 1142 dit,
180 1069 323 1147 respirare
335 1087 394 1126 non
408 1067 487 1139 sinit,
504 1069 639 1125 extremis
650 1078 737 1126 vexat
750 1065 902 1143 angustiis,
917 1061 1026 1121 morbis
1041 1060 1165 1137 denique

101 1159 239 1218 omnibus
253 1160 374 1238 premit,
391 1178 543 1237 quousque
555 1172 746 1237 utrorumque
760 1155 867 1236 cupido
885 1172 1022 1232 amorque
1032 1153 1114 1232 quasi
1129 1173 1165 1211 ex

101 1250 258 1310 arboribus
272 1252 551 1310 soetum'lruetnmte
562 1251 747 1327 producunt:
764 1251 861 1328 ipsum
873 1247 978 1308 deinde
991 1245 1164 1324 decerpunt,

100 1358 133 1402 et
152 1344 183 1400 in
204 1343 352 1402 matricem
371 1343 451 1401 velut
472 1361 572 1418 agrum
593 1343 779 1422 inspergunt:
801 1341 870 1399 binc
889 1338 1022 1398 animalia
1040 1336 1166 1416 primum

101 1433 188 1502 talia,
217 1447 250 1492 ut
268 1453 322 1492 nec
344 1446 465 1512 propter
487 1435 660 1512 parvitatem
681 1435 834 1494 videantur
856 1431 980 1491 necdum
1005 1429 1165 1510 appareant

101 1527 241 1599 formata,
256 1527 443 1606 concipiunt:
460 1547 543 1599 mox,
557 1548 623 1606 quae
639 1530 849 1597 conflaverant,
863 1524 1024 1603 explicant,
1039 1522 1166 1600 ingentia

100 1619 180 1676 intus
192 1618 356 1690 enutriunt,
378 1617 493 1676 demum
516 1618 643 1677 educunt
661 1621 692 1677 in
708 1620 816 1689 lucem,
840 1615 1062 1692 animaliumque
1077 1634 1166 1692 gene-

100 1709 244 1768 rationem
262 1710 434 1787 perficiuut:
455 1711 590 1769 mulieres
607 1711 686 1768 buno
705 1710 736 1768 iu
757 1707 876 1768 moduni
892 1721 922 1767 et
938 1707 1050 1766 seminar
1066 1724 1166 1764 omnes

101 1813 170 1859 suut
183 1800 296 1878 genitae.
308 1803 414 1860 Arium
429 1814 525 1859 autem
537 1821 625 1880 genus
639 1821 675 1859 ex
688 1815 788 1859 nostro
799 1801 841 1859 ita
853 1814 897 1859 est
910 1813 976 1877 apte
992 1799 1164 1870 formatum,

100 1905 136 1950 ut
146 1913 202 1970 pro
218 1893 283 1971 pilis
296 1911 405 1971 pennau
419 1894 578 1972 acciperet:
599 1894 629 1951 in
646 1895 702 1953 hoc
720 1894 762 1952 illi
779 1893 912 1953 homines
931 1901 1095 1963 transeunt,
1113 1893 1165 1968 qni

100 1984 245 2062 simplices
259 1997 288 2042 et
304 1985 469 2044 innoeentes
487 2004 576 2063 quum
595 1987 670 2055 sint,
685 1987 763 2044 leves
777 1998 873 2044 tamen
892 1997 958 2044 sunt
971 1995 1001 2043 et
1014 1983 1121 2040 frustm
1133 1982 1165 2040 in

100 2075 192 2134 rebus
202 2074 374 2134 sublimibus
386 2077 494 2135 curiosi
504 2101 510 2135 :
521 2077 608 2155 quive
617 2077 690 2136 adeo
702 2077 775 2136 latui
788 2091 870 2145 sunt,
884 2089 918 2134 nt
929 2077 1080 2135 oculorum
1091 2074 1167 2152 judi-

101 2169 148 2226 cio
167 2169 268 2226 conlisi
291 2169 348 2226 hoe
365 2168 502 2228 altissima
520 2190 642 2248 quaeque
663 2170 785 2228 firmiter
800 2169 991 2230 demonstrari
1004 2188 1088 2248 posse
1107 2189 1166 2226 non

102 2257 246 2318 dubitent.
262 2259 463 2319 Gressibilium
475 2281 546 2320 vero
562 2263 688 2322 ferarum
708 2281 797 2341 genus
814 2283 849 2322 ex
863 2262 909 2320 his
924 2275 1023 2321 natum
1037 2261 1165 2321 bomini-

100 2349 174 2424 bus,
185 2351 236 2429 qni
250 2373 267 2410 a
281 2353 466 2430 philosophia
482 2355 597 2433 penitus
611 2355 697 2412 alieni
709 2354 745 2413 ad
757 2355 880 2414 caelestia
894 2365 1052 2432 numquam
1066 2354 1166 2412 oculos

100 2457 275 2516 erexerunt,
294 2465 331 2502 ex
352 2465 388 2504 eo
408 2447 487 2524 quod
508 2448 708 2507 volutionibus
729 2448 800 2523 illis,
820 2469 885 2527 quae
905 2448 934 2506 in
956 2449 1051 2526 capite
1066 2449 1166 2526 peragi

99 2537 212 2604 solent,
226 2537 270 2594 usi
282 2556 437 2615 numquam
452 2553 533 2611 sunt,
547 2539 599 2598 sed
610 2540 674 2600 illas
684 2541 787 2600 animae
800 2553 897 2618 partes
910 2541 1041 2617 sequuti,
1058 2560 1123 2617 qnae
1135 2541 1166 2596 in

101 2640 203 2685 ventre
226 2640 255 2685 et
277 2641 395 2706 pectore
418 2630 624 2690 dominantur:
647 2652 684 2690 ex
706 2633 751 2690 bis
771 2633 871 2709 utique
893 2631 996 2688 studiis
1021 2631 1167 2688 anteriora
1218 2631 1221 2636 ’

100 2718 231 2777 membra
244 2732 273 2776 et
286 2721 381 2796 capita
391 2719 429 2778 ob
439 2722 530 2799 ipsam
547 2724 746 2799 cognationem
764 2723 843 2780 bumi
857 2722 972 2800 penitus
987 2719 1165 2778 defixerunt:

100 2811 131 2868 in
154 2811 272 2887 longum
292 2810 467 2888 productum
491 2833 524 2871 ae
549 2812 694 2870 diversum
719 2813 850 2890 corporis
871 2813 1009 2872 verticem
1031 2825 1164 2885 tenuere,

99 2900 336 2981 qnandoquidem
359 2900 401 2959 ibi
421 2917 542 2981 propter
566 2903 705 2962 desidiam
728 2905 907 2983 singulorum
929 2904 1023 2963 collisi
1045 2917 1163 2964 suntet

99 2994 241 3052 confracti
261 2992 414 3064 circuitus,
437 3007 467 3052 et
484 2995 566 3067 ideo,
587 2996 666 3072 quod
688 3008 815 3073 quatuor
828 2995 934 3074 pedum
949 3016 982 3055 ac
996 2997 1082 3054 etiam
1096 2998 1165 3076 pln-

100 3085 176 3143 rium
199 3097 242 3142 est
259 3085 388 3144 instituta
408 3085 517 3162 ligura,
542 3100 576 3145 ut
597 3087 847 3167 insipientioribus
867 3091 946 3146 Deus
967 3086 1106 3164 majorem
1127 3107 1163 3145 ex

99 3174 224 3255 pedibus
245 3175 341 3233 multis
364 3189 450 3253 utque
469 3197 624 3257 progressu
647 3179 826 3238 occasionem
850 3193 980 3258 praestet,
1000 3199 1054 3257 per
1077 3199 1163 3257 quarn

100 3268 191 3344 magis
206 3266 293 3325 etiam
308 3267 496 3326 deflectantur
513 3269 551 3328 ad
569 3285 692 3330 terram:
712 3291 762 3329 eos
782 3284 894 3343 autem,
909 3271 960 3348 qni
973 3271 1079 3330 horum
1092 3271 1163 3330 insi-

100 3359 270 3438 pientissimi
292 3372 391 3430 erant,
414 3379 577 3450 corpusque
601 3363 630 3419 in
657 3376 763 3420 terram
789 3363 904 3440 penitus
926 3363 1165 3440 prosternebant,

99 3451 182 3531 quasi
196 3450 267 3508 nibil
283 3451 359 3508 ultra
371 3450 495 3529 pedibus
511 3471 586 3530 opus
602 3455 693 3525 loret,
708 3454 737 3512 in
757 3473 881 3532 corpora
897 3454 1023 3513 carentia
1040 3454 1164 3532 pedibus

99 3557 129 3602 et
148 3543 229 3601 humi
250 3544 394 3624 serpentia
415 3558 625 3621 permutarunt.
646 3553 792 3620 Quartum
811 3565 900 3625 genus
920 3547 1084 3624 aquaticum
1105 3561 1163 3616 est,

99 3656 136 3694 ex
146 3635 203 3692 illis
212 3650 325 3708 natum,
340 3638 390 3714 qui
401 3635 577 3696 stolidissimi
588 3651 618 3696 et
628 3639 833 3718 imperitissimi
843 3641 970 3698 fuerant:
985 3661 1059 3717 quos
1071 3640 1165 3696 nostri

99 3729 142 3786 illi
156 3729 408 3787 transformatores
423 3749 497 3806 pura
511 3731 702 3807 respiratione
722 3733 824 3810 dignos
841 3730 952 3790 idcireo
972 3752 1031 3790 non
1045 3731 1162 3809 judiea-

100 3839 219 3896 verunt,
234 3826 302 3901 qnia
316 3839 436 3905 propter
450 3839 584 3885 extremae
599 3831 830 3906 transgressionis
843 3829 1023 3907 iniquitatem
1035 3829 1163 3886 animam

99 3915 321 3994 impurissimam
334 3937 453 3995 ptnrsns
466 3918 634 3978 habebant:
652 3919 719 3980 ideo
733 3941 770 3979 ex
791 3921 868 3980 tenui
885 3941 919 3980 nc
935 3941 1008 4000 pura
1022 3919 1095 3977 aeris
1112 3919 1161 3976 illa

99 4009 287 4087 respiratione
301 4009 329 4065 in
345 4029 426 4086 uquae
441 4013 658 4091 respirationem
674 4013 846 4092 profundum
863 4012 1066 4089 turbidamque
1082 4030 1160 4068 mer-
