2786 4674
464 359 465 364 ‘
526 365 719 436 smnus.
1085 367 1150 468 595

79 481 151 554 lais,
166 481 409 560 quemadmodum
423 483 461 541 de
474 485 688 562 superioribus,
699 483 738 544 ab
753 484 815 562 ipsa
829 504 929 546 curaris
942 489 1055 566 origine
1066 491 1154 552 disse·

79 595 203 634 ramos:
220 589 354 636 naturam
370 595 439 652 ergo
453 587 483 634 et
495 576 643 654 passiones
653 576 745 653 ignis,
764 595 861 652 aquas,
876 577 949 636 aeris
961 590 1047 656 utque
1059 595 1154 656 terra,

79 667 305 742 generationem
317 667 379 726 caeli
395 667 590 744 precedentes
600 665 849 740 ‚mnsidersmum
863 668 959 728 nullus
974 673 1104 748 prolecto
1116 677 1154 736 ad

80 759 146 816 hoc
159 777 251 835 osque
263 771 376 836 tempus
389 777 490 818 eorum
505 758 721 837 generqtionem
735 757 878 822 ostendit:
891 759 941 820 sed
955 763 1036 838 quasi
1051 779 1153 826 notum

80 851 141 922 sit,
168 849 239 929 quid
256 851 293 910 sit
313 850 386 929 iguis
406 863 436 910 et
456 851 584 929 reliqua,
611 850 651 910 sic
665 848 703 908 de
722 850 778 912 illis
793 849 882 910 rerba
903 851 1040 927 facimus,
1061 875 1154 936 eaque

80 942 189 1002 mnndi
205 943 365 1022 primordia
379 941 682 1020 constituimtn,qnum
696 960 750 1000 nec
765 940 945 1018 syllabarum
955 943 1088 1023 quidem,
1103 967 1154 1007 ne-

79 1034 157 1094 dum
174 1035 400 1108 elementorum,
422 1034 516 1095 ricem
526 1043 635 1094 'tenere
659 1032 738 1112 apud
763 1033 893 1094 homines
909 1037 1012 1094 ruentis
1034 1058 1154 1118 quoquo

82 1126 177 1184 modo
192 1139 340 1205 oompotes
354 1123 480 1184 debeant
495 1145 502 1182 t
516 1143 571 1184 nos
584 1145 656 1200 vero
672 1124 702 1184 in
718 1125 853 1203 presenti
870 1126 942 1187 nibil
958 1127 995 1186 de
1009 1129 1154 1210 principio

80 1221 300 1286 universorum,
311 1218 372 1276 sire
384 1217 610 1296 principiis‚sive
626 1215 900 1295 quomodocumque
914 1220 999 1280 aliter
1009 1221 1039 1280 id
1055 1225 1153 1302 appel·

82 1313 178 1384 letor,
195 1311 349 1369 dicendum
364 1323 497 1388 putamus
507 1331 514 1367 ε
524 1309 573 1368 cni
583 1309 702 1386 quidem
714 1307 905 1388 disputationi
920 1311 993 1372 nibil
1005 1313 1084 1372 alind
1098 1315 1154 1376 im-

81 1402 253 1480 pedimento
270 1415 330 1474 est,
350 1400 406 1459 nisi
428 1400 507 1477 quod
523 1400 640 1460 difficile
658 1401 695 1460 sit
715 1402 850 1480 presenti
870 1402 1037 1482 disputandi
1051 1407 1154 1480 modo,

80 1513 151 1571 qnae
163 1492 202 1552 de
218 1493 263 1551 his
276 1491 420 1564 videntur,
436 1491 599 1570 exprimere
610 1513 719 1570 :neque
734 1493 823 1571 igitur
834 1495 1153 1576 vosidexspectabitis‚

82 1605 182 1662 neque
195 1605 249 1663 ego
263 1584 334 1644 mibi
347 1583 529 1661 persuadebo
545 1596 623 1642 recte
637 1603 684 1644 me
700 1596 811 1646 tantum
829 1605 904 1664 opus
917 1589 1035 1665 aggredi
1050 1608 1151 1668 posse:

81 1677 165 1756 quod
180 1693 275 1736 aurem
288 1676 325 1736 ab
338 1677 423 1736 initio
437 1676 518 1750 dixi,
531 1675 787 1736 verisimilitudinis
800 1677 859 1736 vim
877 1677 1072 1758 servabimus,
1088 1694 1152 1742 stu-

82 1770 277 1848 debimusque
288 1770 320 1828 in
335 1767 496 1828 rationibus
511 1765 715 1828 verisimilibus
726 1767 803 1828 eirca
815 1767 878 1828 haec
893 1769 1069 1847 assignandis
1080 1773 1153 1832 nulli

83 1862 207 1921 cedere:
223 1875 310 1940 atque
323 1861 363 1920 ita
374 1861 523 1938 singutaet
536 1860 845 1942 universaaprincipio
859 1879 1055 1938 exponemus:
1065 1863 1152 1927 deum

82 1954 175 2031 igitur
187 1955 274 2012 ea'am
288 1951 592 2030 nnnc,disputationis
608 1963 801 2023 servatorem,
817 1951 848 2008 in
859 1952 962 2030 primis
974 1959 1104 2028 oremus,
1118 1969 1151 2015 ut

82 2066 138 2104 nos
152 2065 189 2105 ex
201 2043 366 2105 admirabili
375 2057 406 2103 et
418 2043 534 2102 insolita
548 2041 729 2120 expositione
741 2041 777 2100 ad
789 2043 975 2102 verisimilem
988 2043 1150 2106 doctrinam

122 2230 180 2290 Sed
192 2229 266 2288 banc
279 2229 316 2288 de
327 2229 463 2288 universo
472 2224 698 2302 disputationem
709 2220 888 2302 abampliori
898 2225 1051 2324 divisione,
1064 2247 1149 2306 quam

81 2323 340 2401 supra‚ducamus:
352 2333 421 2380 tunc
429 2318 505 2378 euim
514 2316 587 2374 duas
594 2317 624 2374 iu
633 2315 742 2392 specics
751 2315 824 2374 fecta
833 2315 936 2376 divisio
945 2331 1003 2388 est;
1013 2333 1152 2380 nuncter·

82 2417 156 2474 uum
166 2435 256 2494 genas
267 2411 448 2473 addendum:
464 2409 523 2468 duo
531 2408 607 2466 enim
617 2408 647 2468 iu
654 2405 853 2485 superioribus
864 2394 1151 2480 sufficiebantunnm

81 2507 199 2586 quidem
214 2505 386 2583 exemplaris
400 2505 479 2572 loco,
502 2519 617 2578 semper
633 2499 711 2560 idem
725 2500 845 2576 solaque
863 2501 1050 2578 intelligentia
1068 2521 1150 2562 com-

82 2602 339 2683 prehendendum:
352 2602 474 2660 alterum
486 2597 672 2656 simulacrum
684 2594 721 2654 ab
735 2595 792 2654 hoe
808 2596 965 2674 exemplari
973 2594 1130 2656 deductum
1141 2641 1149 2672 ,

82 2695 263 2775 generationi
270 2694 417 2770 oculisqw
425 2687 586 2764 subjectum
597 2709 604 2746 :
618 2705 710 2763 quum
723 2706 795 2746 vero
809 2685 869 2744 duo
877 2686 939 2746 hec
952 2687 1084 2746 sufficere
1095 2707 1150 2765 pu·

83 2803 223 2861 tar-emus,
243 2787 358 2846 eruum
379 2803 439 2842 non
457 2780 657 2858 adjunximus:
678 2796 756 2836 nuuc
769 2790 865 2836 autem
880 2797 985 2854 cogere
1003 2797 1057 2838 nos
1073 2780 1147 2839 ratio

80 2881 206 2951 ridetur,
225 2892 259 2939 ut
278 2877 425 2939 difficilem
446 2887 477 2932 et
497 2871 651 2932 obscuram
668 2869 795 2945 speeiem
820 2867 967 2928 declarare
990 2887 1146 2928 conemur:

80 2991 169 3049 quam
183 2972 273 3050 igitur
287 2970 358 3041 vim,
372 2985 496 3046 quarm
512 2976 644 3022 naturam
666 2959 774 3020 habere
791 2958 971 3036 punndumr
994 2961 1069 3020 hanc
1085 2963 1146 3020 uti-

79 3083 156 3144 que,
172 3061 364 3142 generationis
376 3059 483 3118 borum
498 3054 628 3116 omnium
642 3051 858 3130 receptaculum
869 3066 899 3112 et
908 3052 991 3129 quasi
1004 3052 1146 3112 nutricem

79 3176 162 3216 esse:
175 3155 255 3234 qnod
265 3152 395 3234 quamvis
411 3169 480 3208 vere
495 3148 619 3215 dicatur,
632 3143 731 3223 peullo
747 3155 843 3204 tamen
855 3143 983 3221 apertius
996 3156 1040 3205 est
1050 3140 1147 3200 dieen-

80 3249 171 3308 dum:
186 3247 310 3308 arduum
323 3244 354 3306 id
368 3240 499 3322 quidem,
511 3259 548 3298 eo
561 3237 701 3310 manime,
716 3234 797 3314 quod
810 3235 848 3296 ad
861 3235 949 3310 huius
964 3235 1008 3296 rei
1021 3234 1146 3294 demon-

81 3342 249 3400 strationem
258 3337 392 3398 dubitare
403 3335 485 3413 prius
496 3350 612 3392 necesse
618 3307 1010 3405 cadetinquireredeigniet
1019 3309 1146 3405 reliquis,

82 3453 147 3513 quse
161 3433 301 3492 elementa
314 3427 470 3497 vocationi,
484 3422 555 3502 quid
569 3423 691 3482 istorum
705 3437 808 3498 aquam
822 3419 919 3498 potius
933 3437 1019 3496 qnam
1035 3418 1145 3497 ignem

84 3540 134 3586 aut
147 3545 244 3586 aerem
262 3524 460 3604 potiusquam
481 3529 606 3586 terram,
627 3527 679 3575 aut
693 3524 805 3572 oerttrm
821 3511 931 3588 aliquid
949 3531 1039 3570 unum
1057 3513 1146 3590 magis

82 3637 170 3697 qoam
184 3629 287 3676 cuncta
300 3633 404 3675 vocare
419 3621 570 3691 oporteat:
589 3607 707 3668 difficile
721 3625 789 3667 sane
804 3618 914 3665 certum
927 3604 1036 3682 aliquid
1051 3615 1080 3662 et
1095 3605 1145 3662 fir-

80 3730 160 3770 mum
178 3709 215 3768 de
228 3709 291 3768 ntis
307 3724 455 3766 asserere:
469 3719 596 3781 quonam
609 3699 698 3776 igitur
709 3709 818 3776 pacto,
838 3709 868 3758 et
881 3717 939 3775 qua
952 3697 1089 3754 ratione?
1117 3705 1146 3751 et

81 3803 151 3880 quid
170 3799 323 3880 probabile
347 3792 376 3857 iri
400 3792 565 3876 hujusmodi
579 3789 764 3870 inquisitione
783 3789 930 3850 dicemus?
951 3785 1096 3867 principio
1116 3785 1145 3844 id

85 3915 203 3973 corpus,
217 3891 297 3971 quod
309 3890 398 3949 modo
408 3907 513 3968 aquom
524 3882 751 3953 nominavimus,
761 3881 924 3960 quundniu¹
940 3879 1060 3940 solidam
1074 3896 1143 3938 coo-

85 3988 187 4046 cresoit
195 3985 359 4055 materiam,
371 3983 445 4061 lapis
455 3994 484 4039 et
497 3993 574 4038 terra
584 3976 645 4036 lieri
657 3973 790 4032 videtur:
803 3973 923 4052 quando
934 3989 1003 4030 vero
1015 3969 1149 4047 liquescit

84 4094 113 4138 et
125 4079 244 4153 diffluit,
260 4077 379 4156 spiritus
388 4086 475 4153 atque
486 4093 553 4133 aer:
569 4071 638 4130 item
651 4065 826 4128 adtenuatus
841 4065 915 4144 ignis
926 4063 999 4122 effici
1005 4075 1066 4120 tur:
1076 4061 1149 4140 ignis

966 4155 1024 4226 38.
