2748 4670
302 343 553 413 ACADEMIC.
578 347 610 429 l,
635 347 770 415 LIBER
795 349 844 432 ΙΙ,
867 347 924 418 28.
972 351 975 360 “
1080 350 1149 424 365

75 460 273 554 judicabit,
290 487 336 534 an
356 466 394 534 in
409 463 537 549 literis,
555 467 674 538 autin
693 471 857 542 musicis?
876 477 922 543 At
934 495 977 542 ea
995 499 1069 546 non
1084 503 1150 548 no-

78 575 142 642 vit.
168 579 207 644 ln
234 573 464 674 philosophia
492 576 623 673 igitur?
647 576 708 648 Sol
729 573 886 677 quantus
907 584 971 669 sit,
993 586 1082 682 quid
1104 589 1149 660 ael

78 683 203 753 illum?
230 683 332 782 quod
361 688 405 756 sit
433 709 617 758 summum
639 686 803 776 bonum,
833 690 924 788 quid
953 692 1081 783 habet,
1110 713 1152 768 ut

78 809 189 888 queat
199 795 384 890 judicare?
396 795 494 885 Quid
505 799 615 894 igitur
625 798 822 894 judicabit?
836 826 916 899 quae
929 807 1150 900 conjunctio,

77 929 158 1000 quae
179 904 375 1001 disjunctio
399 931 482 978 vera
503 910 548 979 sit
558 919 602 996 ²⁰,
622 909 713 1006 quid
735 909 904 1010 ambigue
932 912 1068 988 dictum
1087 921 1151 1008 sit,

76 1014 165 1110 quid
179 1030 354 1113 sequatur
367 1040 553 1114 quamque
566 1043 662 1107 rem,
681 1020 772 1118 quid
786 1025 988 1122 repugnet?
1007 1027 1042 1098 si
1056 1027 1149 1116 huto,

76 1140 112 1194 et
133 1125 264 1197 horum
284 1126 412 1198 similia
427 1127 582 1221 judicat,
605 1129 651 1199 ‹le
669 1153 707 1200 se
725 1131 804 1228 ipsa
820 1130 966 1226 judicat.
986 1136 1070 1206 Plus
1083 1163 1147 1208 au-

75 1251 149 1306 tem
174 1235 471 1334 pollicebatur²¹.
497 1241 593 1310 Nam
616 1238 691 1310 haec
718 1239 869 1337 quidem
892 1241 1079 1336 judicare,
1102 1231 1148 1318 ud

76 1361 210 1418 ceteras
234 1371 312 1435 res,
340 1373 421 1445 quae
448 1364 534 1420 suut
567 1353 605 1419 in
633 1349 864 1449 philosophia
887 1352 1010 1424 multae
1037 1370 1146 1454 atque

74 1479 227 1554 magnae,
246 1473 393 1529 nonest
410 1459 503 1529 satis.
524 1459 593 1531 Sed
607 1463 780 1558 quoniam
801 1476 943 1534 tantum
959 1465 996 1534 in
1013 1490 1054 1536 ea
1069 1483 1144 1540 arte
1164 1503 1196 1553 92

75 1567 229 1664 ponitis3
245 1565 398 1656 -videte,
418 1593 465 1640 ne
488 1586 617 1642 contra
647 1596 711 1643 vos
736 1585 813 1644 tota
836 1588 919 1646 nata
939 1577 1037 1646 sit²².
1055 1582 1145 1670 Quae

73 1783 98 1831 iu
118 1783 219 1832 musicis
233 1807 254 1832 ι.
275 1786 315 1832 Ex
336 1781 452 1832 omnibus
478 1783 585 1842 uostris,
629 1784 751 1849 positione
778 1785 948 1846 eonionetives
981 1801 1016 1835 ou
1049 1787 1142 1850 disjou·

71 1868 162 1932 iuquit,
180 1867 342 1932 pluribusque
359 1882 415 1913 euru
434 1864 501 1912 Cret.
516 1875 586 1914 vetus
629 1866 705 1913 etives
715 1885 739 1913 ι.

73 1947 209 2010 inpressis,
223 1946 330 2010 primum
342 1955 387 1992 aue
403 1959 450 2008 pro
464 1943 510 1992 vel
525 1945 585 1991 seri·
665 1959 710 1991 ns.
730 1944 788 1991 Plus
804 1953 886 1992 autem
896 1943 1068 2010 pollicebatur.
1088 1949 1143 1996 lloe

71 2029 169 2090 peimus.
190 2029 261 2090 Saepe
280 2025 345 2072 enirn
362 2023 415 2072 hee
435 2035 481 2071 aut
495 2023 522 2071 in
541 2024 586 2074 vel
628 2021 1143 2087 senedogmetieoruinveterum,msxime
1219 2069 1222 2078 .

72 2122 84 2152 e
97 2105 182 2154 scribis
194 2115 315 2163 mutetur,
332 2103 407 2167 idque
420 2103 525 2150 menime
541 2101 583 2150 ubi
628 2103 942 2165 Stoicorum‚vitinmerst‚
951 2105 1021 2169 quod
1033 2122 1047 2154 s
1061 2108 1143 2156 Disie-

71 2185 140 2233 sernel
148 2185 262 2249 ponitur,
272 2195 300 2232 ut
311 2183 336 2232 h.
350 2182 368 2229 l.
377 2181 488 2230 Vsrissse
501 2193 582 2230 sutem
627 2183 706 2242 oties,
717 2183 854 2231 securstins
867 2185 977 2243 exculte,
992 2185 1049 2250 plus
1060 2203 1141 2252 ipere-

70 2277 154 2314 suctor
176 2263 303 2330 putandus
323 2273 373 2322 est,
398 2277 474 2326 quum
494 2261 533 2310 bie
557 2263 583 2311 in
627 2262 702 2324 bunt,
716 2279 788 2328 quens
801 2263 922 2322 hsee,vel
935 2281 966 2313 ex
979 2277 1065 2314 ustura
1079 2283 1141 2328 sua,

71 2345 189 2408 proximis
202 2361 289 2392 vnum
302 2357 328 2390 es
343 2341 433 2403 fulsisse
450 2343 581 2406 posuisset.
626 2342 735 2406 prebere
755 2353 919 2406 prustsreque
942 2355 1047 2409 poteret.
1075 2346 1140 2395 Hine

70 2423 174 2483 Deinde,
190 2439 239 2489 pro
257 2435 303 2472 aiis
319 2422 345 2470 in
361 2438 423 2471 snus.
438 2437 490 2482 an,
508 2433 556 2472 eto.
569 2439 583 2470 e
625 2422 781 2485 potissimum
794 2423 1008 2486 cistophorum,
1018 2423 1140 2474 ethorum

69 2503 344 2562 trr'bus·nostris‚Vien.
352 2503 417 2550 Vsu.
429 2509 504 2564 1494·
514 2503 580 2552 Cret.
624 2500 656 2548 eb
669 2500 776 2550 Areeeilu
800 2501 964 2552 dubitationes
981 2515 1066 2552 eontrs
1084 2521 1141 2552 seu-

68 2581 136 2639 sliis‚
155 2599 212 2630 euru
229 2583 331 2630 Derisio
344 2582 494 2646 scripsimus.
508 2581 581 2630 Cous.
624 2596 696 2630 sunm
706 2581 850 2639 veritatem,
867 2583 918 2629 viru
927 2599 995 2637 mein
1006 2593 1032 2631 et
1040 2583 1140 2648 pondus

68 2664 239 2723 Atrie.·XVl‚
255 2678 314 2727 epp.
330 2664 354 2710 8.
366 2663 448 2724 Atque
459 2661 491 2708 its
507 2677 580 2725 sepe.
624 2669 781 2723 soeeperuut.
800 2658 926 2708 Nonnulla
950 2661 1014 2709 hene
1035 2661 1062 2708 in
1087 2679 1138 2710 rem

80 2724 142 2792 ἰα
163 2746 226 2808 Qnae
238 2741 397 2808 conjunctio,
414 2757 471 2805 quse
484 2737 580 2803 disjun-
623 2751 694 2788 sente
707 2739 769 2787 vidit
778 2741 896 2790 Teunetu.
909 2737 998 2788 Geseb.
1014 2741 1060 2788 der
1072 2740 1138 2790 Ptit

67 2823 111 2868 ctio
123 2837 188 2872 vera
201 2822 241 2872 sit.
253 2822 321 2870 Gud.
336 2823 381 2870 Dr.
394 2842 405 2864 ι
414 2820 474 2886 quid
486 2821 579 2882 disjuu-
624 2819 675 2868 rol.
688 2820 732 2876 1v.
747 2835 774 2884 p.
786 2821 838 2880 ³95
858 2836 928 2884 seqq.
944 2819 988 2868 sed
1004 2816 1076 2868 latius
1092 2822 1138 2869 ists

67 2903 241 2951 esioueverum
251 2905 318 2952 sits.
337 2901 448 2950 Forsitan
460 2900 530 2950 loeus
543 2901 579 2948 sio
622 2909 724 2963 petent,
738 2909 764 2948 et
776 2899 849 2948 ultius
867 2900 997 2965 repetendis
1017 2911 1093 2964 suut,
1116 2902 1138 2950 si

67 2981 198 3046 legendus,
220 2998 299 3046 cquae
323 2981 466 3042 conjunctio
486 2980 579 3045 disjun-
622 2977 722 3044 plenum
733 2978 785 3038 ejus
799 2979 843 3038 rei,
854 2979 886 3026 sd
901 2980 954 3028 haec
964 2979 1139 3041 diiudiesuds,

66 3064 146 3110 ctiove
158 3063 258 3110 versele
269 3083 289 3108 s.
304 3062 341 3109 lts
351 3071 416 3108 eerte
426 3059 479 3107 lutee
495 3057 577 3108 diver·
622 3057 728 3105 fluctum
761 3058 888 3122 percipere
920 3057 988 3105 velis.
1022 3060 1138 3108 Ceterum

66 3142 121 3190 sitne
133 3142 207 3190 sseile
216 3141 392 3206 explicebitur:
408 3150 462 3188 orte
471 3155 544 3186 exve
552 3139 578 3186 in
623 3151 707 3186 senem
717 3135 807 3184 horum
819 3147 871 3200 est,
882 3157 893 3180 ι
904 3139 939 3186 At
949 3153 1009 3186 vero
1018 3138 1074 3204 plus
1085 3137 1137 3186 dis-

65 3233 209 3272 seruutsto.
227 3225 257 3270 ln
271 3220 420 3284 reliquisve
435 3219 579 3282 absorptum
623 3216 710 3266 lectius
728 3215 910 3280 pollioehstue,
929 3233 1002 3282 quem
1024 3227 1137 3282 prestet,

56 3302 135 3360 ⁴lecit,
158 3315 188 3352 ut
206 3301 308 3350 elterum
334 3315 390 3363 quse
415 3297 546 3346 adderetur
569 3311 577 3348 ε
623 3311 698 3360 quum
709 3311 761 3344 esus
770 3297 821 3342 veri
830 3295 932 3360 lslsique
942 3297 1137 3362 disceptatricem

66 3380 132 3442 quod
144 3380 184 3428 rel
199 3396 244 3444 per
261 3396 287 3428 se
304 3376 419 3427 nonnihil
436 3375 522 3440 hebet,
534 3391 579 3424 eur
622 3386 647 3426 et
655 3375 763 3437 judieem
774 3375 922 3425 diceretis..
935 3377 967 3426 G,
996 3407 999 3412 .

66 3459 89 3508 h.
100 3462 119 3508 l.
130 3459 268 3524 displiceat.
282 3459 311 3506 ld
323 3473 354 3506 eo
362 3455 524 3506 verosimilius
532 3465 578 3516 eet,
659 3469 702 3502 nn.
719 3457 750 3503 lrs
765 3470 796 3502 ea
807 3463 862 3504 arte
868 3453 977 3520 ponito,-
985 3455 1084 3518 vellete,
1105 3474 1138 3506 ns

65 3555 139 3602 quurn
150 3543 215 3588 Veu.
227 3545 310 3600 1494,
320 3537 398 3585 soluur
411 3552 469 3601 qua
481 3533 580 3600 inquid
622 3545 709 3582 eontra
720 3550 765 3582 vos
778 3544 796 3581 t.
811 3544 873 3582 nata
885 3533 927 3584 ss't.
940 3535 987 3584 Dr.
993 3547 1081 3602 perte,
1095 3537 1135 3586 m.

65 3631 149 3668 mutet.
162 3618 233 3668 Alias
245 3633 297 3666 uon
311 3617 417 3683 ceperis,
432 3631 477 3664 cur
490 3613 578 3664 seribie
617 3611 711 3677 porrin‘s
724 3623 786 3660 arte.
811 3613 884 3662 Unde
902 3615 1025 3675 ooniieere
1045 3616 1135 3675 liceat,

65 3699 88 3744 iu
117 3699 197 3748 medis
231 3698 414 3746 constructione
448 3694 574 3744 muterint.
622 3703 675 3740 arse
695 3707 747 3741 esse
767 3691 943 3742 inducendum.
958 3695 1006 3742 Sed
1019 3706 1093 3760 parte
1112 3705 1137 3743 et

65 3778 150 3835 Adde,
177 3777 248 3842 quod
271 3787 357 3826 suntor
377 3776 412 3824 sio
432 3791 466 3824 vs
485 3789 576 3840 ponere
620 3783 674 3819 arte
685 3771 779 3835 ubique
800 3771 1003 3832 confunduntur,
1019 3785 1043 3822 et
1057 3773 1137 3821 diale-

64 3857 295 3908 umat.Cl.Aosdd.
311 3859 333 3914 1,
347 3851 372 3914 5,
388 3871 434 3918 19,
448 3852 478 3902 de
492 3852 576 3902 eedem
620 3851 682 3898 crica
707 3850 783 3914 paulo
805 3850 878 3899 ultius
905 3851 1035 3916 repetenda
1061 3852 1135 3900 foret.

65 3935 298 4002 dialectice,·quid
312 3945 404 3984 rectum
418 3933 578 3989 inor-stione,
621 3932 710 3978 Sensus
722 3939 771 3986 est,
796 3929 991 3987 mandente,
1009 3939 1136 3978 sunetore

65 4031 196 4078 pravumve
207 4039 227 4063 ·.
239 4017 272 4065 G.
291 4041 326 4050 -
344 4013 423 4062 Vertit
438 4012 578 4062 castillon:
623 4019 708 4058 eoutrs
721 4023 767 4056 vos
780 4009 850 4071 qussl
863 4008 970 4058 invente·
980 4023 1031 4054 esse
1053 4007 1137 4056 vides·

66 4096 115 4142 nle
130 4096 190 4160 quoi
202 4093 348 4158 jugera-itt
363 4093 451 4140 donc?
469 4091 512 4140 des
525 4107 581 4156 pro-
625 4101 665 4138 tur
675 4111 686 4132 ι
697 4125 704 4150 ,
717 4089 735 4138 i.
749 4105 771 4136 e.
789 4087 926 4136 tots-vobis
937 4085 1126 4138 edictiones..
1188 4101 1193 4124 ι
