<?xml version="1.0" encoding="UTF-8"?>
<!DOCTYPE html PUBLIC "-//W3C//DTD XHTML 1.0 Transitional//EN"
    "http://www.w3.org/TR/xhtml1/DTD/xhtml1-transitional.dtd">
<html xmlns="http://www.w3.org/1999/xhtml" xml:lang="en" lang="en">
 <head>
  <title>
</title>
<meta http-equiv="Content-Type" content="text/html;charset=utf-8" />
  <meta name='ocr-system' content='tesseract 3.04.00' />
  <meta name='ocr-capabilities' content='ocr_page ocr_carea ocr_par ocr_line ocrx_word'/>
</head>
<body>
  <div class='ocr_page' id='page_1' title='image "./mtciceronisquae01lemagoog_0158.png"; bbox 0 0 2762 4682; ppageno 0'>
   <div class='ocr_carea' id='block_1_1' title="bbox 233 365 953 438">
    <p class='ocr_par' dir='ltr' id='par_1_1' title="bbox 233 365 953 438">
     <span class='ocr_line' id='line_1_1' title="bbox 233 365 953 438; baseline -0.001 -2"><span class='ocrx_word' id='word_1_1' title='bbox 233 365 299 438; x_wconf 82' lang='lat'><strong>138</strong></span> <span class='ocrx_word' id='word_1_2' title='bbox 570 369 618 436; x_wconf 89' lang='lat' dir='ltr'><strong>M.</strong></span> <span class='ocrx_word' id='word_1_3' title='bbox 645 369 683 438; x_wconf 92' lang='lat' dir='ltr'><strong>T.</strong></span> <span class='ocrx_word' id='word_1_4' title='bbox 711 367 953 437; x_wconf 85' lang='lat' dir='ltr'><strong>CICERONIS</strong></span> 
     </span>
    </p>
   </div>
   <div class='ocr_carea' id='block_1_2' title="bbox 227 481 1296 587">
    <p class='ocr_par' dir='ltr' id='par_1_2' title="bbox 227 481 1296 587">
     <span class='ocr_line' id='line_1_2' title="bbox 227 481 1296 587; baseline 0.002 -31"><span class='ocrx_word' id='word_1_5' title='bbox 227 486 451 583; x_wconf 82' lang='lat' dir='ltr'><strong>reliquisset3</strong></span> <span class='ocrx_word' id='word_1_6' title='bbox 479 481 571 556; x_wconf 90' lang='lat' dir='ltr'><strong>duos</strong></span> <span class='ocrx_word' id='word_1_7' title='bbox 597 484 758 559; x_wconf 73' lang='lat' dir='ltr'><strong>autemSl</strong></span> <span class='ocrx_word' id='word_1_8' title='bbox 789 486 1096 587; x_wconf 83' lang='lat' dir='ltr'><strong>praestantissimos</strong></span> <span class='ocrx_word' id='word_1_9' title='bbox 1112 483 1145 530; x_wconf 79' lang='lat'><strong>³⁵</strong></span> <span class='ocrx_word' id='word_1_10' title='bbox 1169 484 1296 558; x_wconf 84' lang='lat' dir='ltr'><strong>studio</strong></span> 
     </span>
    </p>
   </div>
   <div class='ocr_carea' id='block_1_3' title="bbox 225 599 1298 1779">
    <p class='ocr_par' dir='ltr' id='par_1_3' title="bbox 225 599 1298 1779">
     <span class='ocr_line' id='line_1_3' title="bbox 227 599 1297 698; baseline 0.002 -26"><span class='ocrx_word' id='word_1_11' title='bbox 227 617 338 698; x_wconf 86' lang='lat' dir='ltr'><strong>atque</strong></span> <span class='ocrx_word' id='word_1_12' title='bbox 362 599 544 688; x_wconf 87' lang='lat' dir='ltr'><strong>doctrina,</strong></span> <span class='ocrx_word' id='word_1_13' title='bbox 564 607 805 675; x_wconf 86' lang='lat' dir='ltr'>Xenocratem</span> <span class='ocrx_word' id='word_1_14' title='bbox 829 600 1130 690; x_wconf 77' lang='lat' dir='ltr'><strong>chalcedonium,</strong></span> <span class='ocrx_word' id='word_1_15' title='bbox 1151 617 1188 673; x_wconf 92' lang='lat' dir='ltr'><strong>et</strong></span> <span class='ocrx_word' id='word_1_16' title='bbox 1211 603 1297 674; x_wconf 84' lang='lat' dir='ltr'><strong>Ari-</strong></span> 
     </span>
     <span class='ocr_line' id='line_1_4' title="bbox 227 709 1297 812; baseline 0.003 -30"><span class='ocrx_word' id='word_1_17' title='bbox 227 711 392 783; x_wconf 89' lang='lat' dir='ltr'><strong>stotelem</strong></span> <span class='ocrx_word' id='word_1_18' title='bbox 410 709 675 808; x_wconf 83' lang='lat' dir='ltr'><strong>Stagiritem³⁶:</strong></span> <span class='ocrx_word' id='word_1_19' title='bbox 701 715 764 812; x_wconf 92' lang='lat' dir='ltr'><strong>qui</strong></span> <span class='ocrx_word' id='word_1_20' title='bbox 785 729 887 785; x_wconf 90' lang='lat' dir='ltr'><strong>erant</strong></span> <span class='ocrx_word' id='word_1_21' title='bbox 905 736 988 784; x_wconf 89' lang='lat' dir='ltr'><strong>cum</strong></span> <span class='ocrx_word' id='word_1_22' title='bbox 1003 713 1211 801; x_wconf 82' lang='lat' dir='ltr'><strong>Aristotele,</strong></span> <span class='ocrx_word' id='word_1_23' title='bbox 1231 737 1297 810; x_wconf 87' lang='lat' dir='ltr'><strong>pe·</strong></span> 
     </span>
     <span class='ocr_line' id='line_1_5' title="bbox 226 821 1296 923; baseline 0.003 -30"><span class='ocrx_word' id='word_1_24' title='bbox 226 823 402 920; x_wconf 85' lang='lat' dir='ltr'><strong>ripatetici</strong></span> <span class='ocrx_word' id='word_1_25' title='bbox 427 821 515 893; x_wconf 85' lang='lat' dir='ltr'><strong>dieti</strong></span> <span class='ocrx_word' id='word_1_26' title='bbox 539 839 644 914; x_wconf 89' lang='lat' dir='ltr'><strong>sunt,</strong></span> <span class='ocrx_word' id='word_1_27' title='bbox 669 829 755 923; x_wconf 85' lang='lat' dir='ltr'><strong>quia</strong></span> <span class='ocrx_word' id='word_1_28' title='bbox 774 823 1296 923; x_wconf 85' lang='lat' dir='ltr'><strong>disputabautinambulautes</strong></span> 
     </span>
     <span class='ocr_line' id='line_1_6' title="bbox 226 929 1297 1034; baseline 0.003 -31"><span class='ocrx_word' id='word_1_29' title='bbox 226 934 265 1004; x_wconf 91' lang='lat' dir='ltr'><strong>in</strong></span> <span class='ocrx_word' id='word_1_30' title='bbox 285 929 467 1029; x_wconf 82' lang='lat' dir='ltr'><strong>Lyceo³⁷;</strong></span> <span class='ocrx_word' id='word_1_31' title='bbox 488 933 538 1005; x_wconf 92' lang='lat' dir='ltr'><strong>illi</strong></span> <span class='ocrx_word' id='word_1_32' title='bbox 557 949 699 1024; x_wconf 91' lang='lat' dir='ltr'><strong>autem,</strong></span> <span class='ocrx_word' id='word_1_33' title='bbox 721 939 785 1034; x_wconf 93' lang='lat' dir='ltr'><strong>qui</strong></span> <span class='ocrx_word' id='word_1_34' title='bbox 801 935 956 1007; x_wconf 87' lang='lat' dir='ltr'><strong>Platonis</strong></span> <span class='ocrx_word' id='word_1_35' title='bbox 969 936 1134 1020; x_wconf 73' lang='lat' dir='ltr'><strong>instituto</strong></span> <span class='ocrx_word' id='word_1_36' title='bbox 1151 937 1188 1005; x_wconf 92' lang='lat' dir='ltr'><strong>in</strong></span> <span class='ocrx_word' id='word_1_37' title='bbox 1207 939 1297 1006; x_wconf 82' lang='lat' dir='ltr'><strong>Aca·</strong></span> 
     </span>
     <span class='ocr_line' id='line_1_7' title="bbox 226 1040 1296 1144; baseline 0.002 -32"><span class='ocrx_word' id='word_1_38' title='bbox 226 1040 360 1132; x_wconf 80' lang='lat' dir='ltr'><strong>demin,</strong></span> <span class='ocrx_word' id='word_1_39' title='bbox 380 1043 480 1140; x_wconf 91' lang='lat' dir='ltr'><strong>quod</strong></span> <span class='ocrx_word' id='word_1_40' title='bbox 498 1059 552 1116; x_wconf 86' lang='lat' dir='ltr'><strong>est</strong></span> <span class='ocrx_word' id='word_1_41' title='bbox 570 1045 722 1117; x_wconf 89' lang='lat' dir='ltr'><strong>alterum</strong></span> <span class='ocrx_word' id='word_1_42' title='bbox 738 1046 981 1144; x_wconf 83' lang='lat' dir='ltr'><strong>gymnasium,</strong></span> <span class='ocrx_word' id='word_1_43' title='bbox 1000 1060 1115 1118; x_wconf 85' lang='lat' dir='ltr'><strong>coetus</strong></span> <span class='ocrx_word' id='word_1_44' title='bbox 1134 1059 1238 1117; x_wconf 88' lang='lat' dir='ltr'><strong>erant</strong></span> <span class='ocrx_word' id='word_1_45' title='bbox 1256 1059 1296 1116; x_wconf 91' lang='lat' dir='ltr'><strong>et</strong></span> 
     </span>
     <span class='ocr_line' id='line_1_8' title="bbox 226 1153 1295 1243; baseline 0.003 -20"><span class='ocrx_word' id='word_1_46' title='bbox 226 1175 410 1225; x_wconf 85' lang='lat' dir='ltr'>sermones</span> <span class='ocrx_word' id='word_1_47' title='bbox 431 1153 566 1240; x_wconf 80' lang='lat' dir='ltr'><strong>hahere</strong></span> <span class='ocrx_word' id='word_1_48' title='bbox 588 1155 704 1243; x_wconf 89' lang='lat' dir='ltr'><strong>soliti,</strong></span> <span class='ocrx_word' id='word_1_49' title='bbox 731 1156 840 1228; x_wconf 90' lang='lat' dir='ltr'><strong>eloci</strong></span> <span class='ocrx_word' id='word_1_50' title='bbox 863 1155 1040 1228; x_wconf 86' lang='lat' dir='ltr'><strong>vocabulo</strong></span> <span class='ocrx_word' id='word_1_51' title='bbox 1065 1179 1201 1228; x_wconf 91' lang='lat' dir='ltr'><strong>nomen</strong></span> <span class='ocrx_word' id='word_1_52' title='bbox 1226 1155 1295 1226; x_wconf 89' lang='lat' dir='ltr'><strong>ha-</strong></span> 
     </span>
     <span class='ocr_line' id='line_1_9' title="bbox 225 1259 1298 1364; baseline 0.003 -32"><span class='ocrx_word' id='word_1_53' title='bbox 225 1259 396 1334; x_wconf 90' lang='lat' dir='ltr'><strong>bueruut.</strong></span> <span class='ocrx_word' id='word_1_54' title='bbox 415 1265 485 1336; x_wconf 87' lang='lat' dir='ltr'><strong>Sed</strong></span> <span class='ocrx_word' id='word_1_55' title='bbox 501 1266 647 1363; x_wconf 87' lang='lat' dir='ltr'><strong>utrique</strong></span> <span class='ocrx_word' id='word_1_56' title='bbox 661 1267 818 1338; x_wconf 87' lang='lat' dir='ltr'><strong>Platonis</strong></span> <span class='ocrx_word' id='word_1_57' title='bbox 830 1264 996 1342; x_wconf 90' lang='lat' dir='ltr'><strong>ubertate</strong></span> <span class='ocrx_word' id='word_1_58' title='bbox 1012 1266 1203 1364; x_wconf 87' lang='lat' dir='ltr'><strong>completi,</strong></span> <span class='ocrx_word' id='word_1_59' title='bbox 1221 1288 1298 1336; x_wconf 87' lang='lat' dir='ltr'><strong>oer-</strong></span> 
     </span>
     <span class='ocr_line' id='line_1_10' title="bbox 226 1373 1296 1475; baseline 0 -31"><span class='ocrx_word' id='word_1_60' title='bbox 226 1388 299 1444; x_wconf 88' lang='lat' dir='ltr'><strong>tam</strong></span> <span class='ocrx_word' id='word_1_61' title='bbox 317 1374 511 1472; x_wconf 89' lang='lat' dir='ltr'><strong>quamdam</strong></span> <span class='ocrx_word' id='word_1_62' title='bbox 529 1375 727 1474; x_wconf 86' lang='lat' dir='ltr'><strong>disciplinae</strong></span> <span class='ocrx_word' id='word_1_63' title='bbox 737 1373 769 1420; x_wconf 80' lang='lat'><strong>³⁸</strong></span> <span class='ocrx_word' id='word_1_64' title='bbox 784 1374 976 1450; x_wconf 86' lang='lat' dir='ltr'><strong>formulam</strong></span> <span class='ocrx_word' id='word_1_65' title='bbox 992 1389 1296 1475; x_wconf 87' lang='lat' dir='ltr'><strong>composuerunt,</strong></span> 
     </span>
     <span class='ocr_line' id='line_1_11' title="bbox 226 1484 1296 1584; baseline 0.002 -30"><span class='ocrx_word' id='word_1_66' title='bbox 226 1497 263 1554; x_wconf 90' lang='lat' dir='ltr'><strong>et</strong></span> <span class='ocrx_word' id='word_1_67' title='bbox 282 1507 360 1554; x_wconf 89' lang='lat' dir='ltr'><strong>eam</strong></span> <span class='ocrx_word' id='word_1_68' title='bbox 381 1484 529 1583; x_wconf 91' lang='lat' dir='ltr'><strong>quidem</strong></span> <span class='ocrx_word' id='word_1_69' title='bbox 547 1485 690 1584; x_wconf 87' lang='lat' dir='ltr'><strong>plenam</strong></span> <span class='ocrx_word' id='word_1_70' title='bbox 709 1512 751 1558; x_wconf 89' lang='lat' dir='ltr'><strong>ac</strong></span> <span class='ocrx_word' id='word_1_71' title='bbox 770 1486 960 1577; x_wconf 81' lang='lat' dir='ltr'><strong>refertam3</strong></span> <span class='ocrx_word' id='word_1_72' title='bbox 978 1486 1074 1558; x_wconf 90' lang='lat' dir='ltr'><strong>illam</strong></span> <span class='ocrx_word' id='word_1_73' title='bbox 1092 1501 1212 1557; x_wconf 90' lang='lat' dir='ltr'><strong>autem</strong></span> <span class='ocrx_word' id='word_1_74' title='bbox 1229 1489 1296 1557; x_wconf 89' lang='lat' dir='ltr'><strong>So·</strong></span> 
     </span>
     <span class='ocr_line' id='line_1_12' title="bbox 226 1594 1298 1680; baseline 0 -16"><span class='ocrx_word' id='word_1_75' title='bbox 226 1595 394 1666; x_wconf 89' lang='lat' dir='ltr'><strong>craticam</strong></span> <span class='ocrx_word' id='word_1_76' title='bbox 413 1594 678 1668; x_wconf 85' lang='lat' dir='ltr'><strong>dubitationem</strong></span> <span class='ocrx_word' id='word_1_77' title='bbox 689 1595 723 1657; x_wconf 78' lang='lat'><strong>³⁹</strong></span> <span class='ocrx_word' id='word_1_78' title='bbox 741 1597 788 1669; x_wconf 92' lang='lat' dir='ltr'><strong>de</strong></span> <span class='ocrx_word' id='word_1_79' title='bbox 804 1596 976 1669; x_wconf 90' lang='lat' dir='ltr'><strong>omnibus</strong></span> <span class='ocrx_word' id='word_1_80' title='bbox 996 1594 1126 1680; x_wconf 89' lang='lat' dir='ltr'><strong>rebus,</strong></span> <span class='ocrx_word' id='word_1_81' title='bbox 1142 1608 1178 1665; x_wconf 91' lang='lat' dir='ltr'><strong>et</strong></span> <span class='ocrx_word' id='word_1_82' title='bbox 1193 1594 1298 1665; x_wconf 90' lang='lat' dir='ltr'><strong>nulla</strong></span> 
     </span>
     <span class='ocr_line' id='line_1_13' title="bbox 225 1702 1297 1779; baseline -0.003 -3"><span class='ocrx_word' id='word_1_83' title='bbox 225 1703 466 1778; x_wconf 81' lang='lat' dir='ltr'><strong>affirmatione</strong></span> <span class='ocrx_word' id='word_1_84' title='bbox 493 1704 654 1779; x_wconf 86' lang='lat' dir='ltr'><strong>adhibita</strong></span> <span class='ocrx_word' id='word_1_85' title='bbox 673 1704 973 1779; x_wconf 88' lang='lat' dir='ltr'><strong>consuetudinem</strong></span> <span class='ocrx_word' id='word_1_86' title='bbox 995 1702 1191 1778; x_wconf 81' lang='lat' dir='ltr'><strong>disserendi</strong></span> <span class='ocrx_word' id='word_1_87' title='bbox 1208 1703 1297 1774; x_wconf 91' lang='lat' dir='ltr'><strong>reli·</strong></span> 
     </span>
    </p>
   </div>
   <div class='ocr_carea' id='block_1_4' title="bbox 191 1888 1301 4176">
    <p class='ocr_par' dir='ltr' id='par_1_4' title="bbox 191 1888 1301 4176">
     <span class='ocr_line' id='line_1_14' title="bbox 225 1888 1299 1958; baseline -0.007 -15"><span class='ocrx_word' id='word_1_88' title='bbox 225 1893 294 1943; x_wconf 72' lang='lat' dir='ltr'><strong>Lusit</strong></span> <span class='ocrx_word' id='word_1_89' title='bbox 319 1892 418 1958; x_wconf 73' lang='lat' dir='ltr'><strong>iugenio</strong></span> <span class='ocrx_word' id='word_1_90' title='bbox 440 1897 469 1943; x_wconf 78' lang='grc' dir='ltr'><strong>Ρ.</strong></span> <span class='ocrx_word' id='word_1_91' title='bbox 494 1893 635 1957; x_wconf 77' lang='lat' dir='ltr'><strong>Ciacouua,</strong></span> <span class='ocrx_word' id='word_1_92' title='bbox 659 1909 734 1958; x_wconf 81' lang='lat' dir='ltr'><strong>quum</strong></span> <span class='ocrx_word' id='word_1_93' title='bbox 778 1892 877 1954; x_wconf 79' lang='lat' dir='ltr'><strong>edjectt.</strong></span> <span class='ocrx_word' id='word_1_94' title='bbox 905 1903 992 1956; x_wconf 77' lang='lat' dir='ltr'><strong>qurrto</strong></span> <span class='ocrx_word' id='word_1_95' title='bbox 1016 1907 1074 1939; x_wconf 77' lang='lat' dir='ltr'><strong>cetu</strong></span> <span class='ocrx_word' id='word_1_96' title='bbox 1099 1889 1193 1938; x_wconf 81' lang='lat' dir='ltr'><strong>auctori</strong></span> <span class='ocrx_word' id='word_1_97' title='bbox 1221 1888 1299 1937; x_wconf 83' lang='lat' dir='ltr'><strong>unice</strong></span> 
     </span>
     <span class='ocr_line' id='line_1_15' title="bbox 226 1970 1298 2036; baseline -0.002 -17"><span class='ocrx_word' id='word_1_98' title='bbox 226 1972 391 2036; x_wconf 74' lang='lat' dir='ltr'><strong>«philosoph.</strong></span> <span class='ocrx_word' id='word_1_99' title='bbox 408 1989 440 2020; x_wconf 84' lang='lat' dir='ltr'><strong>ex</strong></span> <span class='ocrx_word' id='word_1_100' title='bbox 452 1988 505 2020; x_wconf 74' lang='lat' dir='ltr'><strong>eme</strong></span> <span class='ocrx_word' id='word_1_101' title='bbox 522 1972 606 2021; x_wconf 87' lang='lat' dir='ltr'><strong>hered.</strong></span> <span class='ocrx_word' id='word_1_102' title='bbox 625 1972 737 2036; x_wconf 82' lang='lat' dir='ltr'><strong>reliquia·</strong></span> <span class='ocrx_word' id='word_1_103' title='bbox 779 1983 919 2020; x_wconf 75' lang='lat' dir='ltr'><strong>cousuetam</strong></span> <span class='ocrx_word' id='word_1_104' title='bbox 934 1970 1029 2033; x_wconf 83' lang='lat' dir='ltr'><strong>judico.</strong></span> <span class='ocrx_word' id='word_1_105' title='bbox 1049 1971 1150 2018; x_wconf 82' lang='lat' dir='ltr'><strong>luvcut.</strong></span> <span class='ocrx_word' id='word_1_106' title='bbox 1161 1971 1201 2027; x_wconf 87' lang='lat'><strong>11,</strong></span> <span class='ocrx_word' id='word_1_107' title='bbox 1218 1984 1244 2028; x_wconf 83' lang='lat' dir='ltr'><strong>r,</strong></span> <span class='ocrx_word' id='word_1_108' title='bbox 1261 1983 1274 2014; x_wconf 85' lang='lat'>1</span> <span class='ocrx_word' id='word_1_109' title='bbox 1291 1983 1298 2017; x_wconf 92' lang='lat'>:</span> 
     </span>
     <span class='ocr_line' id='line_1_16' title="bbox 226 2046 1299 2113; baseline -0.004 -13"><span class='ocrx_word' id='word_1_110' title='bbox 226 2051 579 2112; x_wconf 74' lang='lat' dir='ltr'><strong>aet,eecuudoaautem‚ctc.=</strong></span> <span class='ocrx_word' id='word_1_111' title='bbox 590 2053 736 2113; x_wconf 56' lang='lat' dir='ltr'><strong>conjicerem</strong></span> <span class='ocrx_word' id='word_1_112' title='bbox 781 2051 970 2100; x_wconf 76' lang='lat' dir='ltr'><strong>«Heracleotern</strong></span> <span class='ocrx_word' id='word_1_113' title='bbox 980 2049 1088 2110; x_wconf 82' lang='lat' dir='ltr'><strong>Zeuxin,</strong></span> <span class='ocrx_word' id='word_1_114' title='bbox 1101 2059 1147 2097; x_wconf 90' lang='lat' dir='ltr'><strong>etc.</strong></span> <span class='ocrx_word' id='word_1_115' title='bbox 1159 2070 1171 2090; x_wconf 80' lang='grc' dir='ltr'><strong>ι</strong></span> <span class='ocrx_word' id='word_1_116' title='bbox 1190 2046 1299 2096; x_wconf 69' lang='lat' dir='ltr'><strong>Vossius</strong></span> 
     </span>
     <span class='ocr_line' id='line_1_17' title="bbox 225 2125 1300 2194; baseline -0.006 -14"><span class='ocrx_word' id='word_1_117' title='bbox 225 2141 339 2194; x_wconf 83' lang='lat' dir='ltr'><strong>recteque</strong></span> <span class='ocrx_word' id='word_1_118' title='bbox 361 2131 424 2178; x_wconf 85' lang='lat' dir='ltr'><strong>vidit</strong></span> <span class='ocrx_word' id='word_1_119' title='bbox 445 2131 503 2178; x_wconf 86' lang='lat' dir='ltr'><strong>Eru.</strong></span> <span class='ocrx_word' id='word_1_120' title='bbox 525 2133 688 2179; x_wconf 76' lang='lat' dir='ltr'><strong>Xenocratem</strong></span> <span class='ocrx_word' id='word_1_121' title='bbox 710 2143 736 2179; x_wconf 90' lang='lat' dir='ltr'><strong>et</strong></span> <span class='ocrx_word' id='word_1_122' title='bbox 779 2131 809 2179; x_wconf 82' lang='lat' dir='ltr'><strong>de</strong></span> <span class='ocrx_word' id='word_1_123' title='bbox 818 2129 920 2194; x_wconf 78' lang='lat' dir='ltr'><strong>Anelog.</strong></span> <span class='ocrx_word' id='word_1_124' title='bbox 931 2133 971 2193; x_wconf 88' lang='lat'><strong>11,</strong></span> <span class='ocrx_word' id='word_1_125' title='bbox 990 2146 1013 2178; x_wconf 90' lang='lat' dir='ltr'><strong>c.</strong></span> <span class='ocrx_word' id='word_1_126' title='bbox 1027 2129 1056 2186; x_wconf 79' lang='lat'><strong>3,</strong></span> <span class='ocrx_word' id='word_1_127' title='bbox 1073 2144 1154 2177; x_wconf 79' lang='lat' dir='ltr'><strong>cacum</strong></span> <span class='ocrx_word' id='word_1_128' title='bbox 1168 2127 1196 2174; x_wconf 88' lang='lat' dir='ltr'><strong>in</strong></span> <span class='ocrx_word' id='word_1_129' title='bbox 1209 2143 1240 2175; x_wconf 76' lang='lat' dir='ltr'><strong>eu</strong></span> <span class='ocrx_word' id='word_1_130' title='bbox 1251 2125 1300 2174; x_wconf 84' lang='lat' dir='ltr'><strong>lle·</strong></span> 
     </span>
     <span class='ocr_line' id='line_1_18' title="bbox 225 2208 1094 2275; baseline 0 -16"><span class='ocrx_word' id='word_1_131' title='bbox 225 2209 380 2259; x_wconf 69' lang='lat' dir='ltr'><strong>Aristotelem</strong></span> <span class='ocrx_word' id='word_1_132' title='bbox 389 2209 497 2273; x_wconf 71' lang='lat' dir='ltr'><strong>ineptius</strong></span> <span class='ocrx_word' id='word_1_133' title='bbox 512 2231 524 2254; x_wconf 80' lang='grc' dir='ltr'>ι</span> <span class='ocrx_word' id='word_1_134' title='bbox 536 2208 655 2258; x_wconf 72' lang='lat' dir='ltr'><strong>secundos</strong></span> <span class='ocrx_word' id='word_1_135' title='bbox 667 2209 736 2258; x_wconf 86' lang='lat' dir='ltr'><strong>here·</strong></span> <span class='ocrx_word' id='word_1_136' title='bbox 778 2228 837 2262; x_wconf 83' lang='lat' dir='ltr'><strong>xum</strong></span> <span class='ocrx_word' id='word_1_137' title='bbox 856 2213 928 2260; x_wconf 84' lang='lat' dir='ltr'><strong>unice</strong></span> <span class='ocrx_word' id='word_1_138' title='bbox 944 2210 1049 2275; x_wconf 72' lang='lat' dir='ltr'><strong>prefert.</strong></span> <span class='ocrx_word' id='word_1_139' title='bbox 1063 2213 1094 2258; x_wconf 91' lang='lat' dir='ltr'><strong>G.</strong></span> 
     </span>
     <span class='ocr_line' id='line_1_19' title="bbox 226 2285 1298 2352; baseline -0.004 -14"><span class='ocrx_word' id='word_1_140' title='bbox 226 2289 269 2338; x_wconf 80' lang='lat' dir='ltr'><strong>det</strong></span> <span class='ocrx_word' id='word_1_141' title='bbox 279 2311 292 2332; x_wconf 69' lang='lat' dir='ltr'>a</span> <span class='ocrx_word' id='word_1_142' title='bbox 305 2288 363 2337; x_wconf 89' lang='lat' dir='ltr'><strong>dici.</strong></span> <span class='ocrx_word' id='word_1_143' title='bbox 375 2287 499 2335; x_wconf 72' lang='lat' dir='ltr'><strong>Audacius</strong></span> <span class='ocrx_word' id='word_1_144' title='bbox 511 2298 595 2335; x_wconf 79' lang='lat' dir='ltr'><strong>auctor</strong></span> <span class='ocrx_word' id='word_1_145' title='bbox 606 2310 619 2330; x_wconf 69' lang='lat' dir='ltr'>a</span> <span class='ocrx_word' id='word_1_146' title='bbox 627 2288 736 2352; x_wconf 71' lang='lat' dir='ltr'><strong>philoso-</strong></span> <span class='ocrx_word' id='word_1_147' title='bbox 816 2292 857 2352; x_wconf 78' lang='lat'><strong>37.</strong></span> <span class='ocrx_word' id='word_1_148' title='bbox 871 2292 957 2351; x_wconf 81' lang='lat' dir='ltr'><strong>Lyceo.</strong></span> <span class='ocrx_word' id='word_1_149' title='bbox 973 2291 1076 2338; x_wconf 80' lang='lat' dir='ltr'>Goerem</span> <span class='ocrx_word' id='word_1_150' title='bbox 1087 2289 1129 2336; x_wconf 77' lang='lat' dir='ltr'><strong>dut</strong></span> <span class='ocrx_word' id='word_1_151' title='bbox 1143 2285 1225 2348; x_wconf 81' lang='lat' dir='ltr'><strong>Lycio.</strong></span> <span class='ocrx_word' id='word_1_152' title='bbox 1241 2285 1298 2349; x_wconf 82' lang='lat' dir='ltr'><strong>ste,</strong></span> 
     </span>
     <span class='ocr_line' id='line_1_20' title="bbox 225 2365 1296 2434; baseline -0.001 -19"><span class='ocrx_word' id='word_1_153' title='bbox 225 2367 291 2434; x_wconf 75' lang='lat' dir='ltr'><strong>phioe</strong></span> <span class='ocrx_word' id='word_1_154' title='bbox 303 2366 416 2415; x_wconf 84' lang='lat' dir='ltr'>heredem</span> <span class='ocrx_word' id='word_1_155' title='bbox 426 2389 439 2410; x_wconf 77' lang='grc' dir='ltr'>ι</span> <span class='ocrx_word' id='word_1_156' title='bbox 451 2367 553 2431; x_wconf 75' lang='lat' dir='ltr'><strong>putabat</strong></span> <span class='ocrx_word' id='word_1_157' title='bbox 565 2368 627 2426; x_wconf 87' lang='lat' dir='ltr'><strong>dici,</strong></span> <span class='ocrx_word' id='word_1_158' title='bbox 640 2367 736 2418; x_wconf 74' lang='lat' dir='ltr'><strong>addidit</strong></span> <span class='ocrx_word' id='word_1_159' title='bbox 779 2371 873 2434; x_wconf 85' lang='lat' dir='ltr'><strong>inquit,</strong></span> <span class='ocrx_word' id='word_1_160' title='bbox 886 2379 934 2417; x_wconf 79' lang='lat' dir='ltr'><strong>trec</strong></span> <span class='ocrx_word' id='word_1_161' title='bbox 947 2369 1012 2418; x_wconf 86' lang='lat' dir='ltr'><strong>mei:</strong></span> <span class='ocrx_word' id='word_1_162' title='bbox 1025 2379 1052 2418; x_wconf 89' lang='lat' dir='ltr'><strong>ut</strong></span> <span class='ocrx_word' id='word_1_163' title='bbox 1066 2366 1168 2416; x_wconf 82' lang='lat' dir='ltr'><strong>dubium</strong></span> <span class='ocrx_word' id='word_1_164' title='bbox 1180 2381 1231 2414; x_wconf 85' lang='lat' dir='ltr'><strong>uon</strong></span> <span class='ocrx_word' id='word_1_165' title='bbox 1246 2365 1296 2424; x_wconf 75' lang='lat' dir='ltr'><strong>sit,</strong></span> 
     </span>
     <span class='ocr_line' id='line_1_21' title="bbox 226 2446 1298 2512; baseline -0.002 -17"><span class='ocrx_word' id='word_1_166' title='bbox 226 2447 301 2512; x_wconf 70' lang='lat' dir='ltr'><strong>igitur</strong></span> <span class='ocrx_word' id='word_1_167' title='bbox 320 2447 368 2496; x_wconf 88' lang='lat' dir='ltr'><strong>hoc</strong></span> <span class='ocrx_word' id='word_1_168' title='bbox 390 2461 462 2494; x_wconf 75' lang='lat' dir='ltr'><strong>cuum</strong></span> <span class='ocrx_word' id='word_1_169' title='bbox 485 2446 570 2510; x_wconf 76' lang='lat' dir='ltr'><strong>quasi,</strong></span> <span class='ocrx_word' id='word_1_170' title='bbox 590 2462 640 2510; x_wconf 91' lang='lat' dir='ltr'><strong>quo</strong></span> <span class='ocrx_word' id='word_1_171' title='bbox 665 2447 737 2496; x_wconf 73' lang='lat' dir='ltr'><strong>toties</strong></span> <span class='ocrx_word' id='word_1_172' title='bbox 780 2459 844 2498; x_wconf 85' lang='lat' dir='ltr'><strong>recte</strong></span> <span class='ocrx_word' id='word_1_173' title='bbox 867 2448 903 2496; x_wconf 78' lang='lat' dir='ltr'><strong>eie</strong></span> <span class='ocrx_word' id='word_1_174' title='bbox 925 2447 1018 2497; x_wconf 82' lang='lat' dir='ltr'><strong>editum</strong></span> <span class='ocrx_word' id='word_1_175' title='bbox 1040 2463 1099 2496; x_wconf 74' lang='lat' dir='ltr'><strong>ecte.</strong></span> <span class='ocrx_word' id='word_1_176' title='bbox 1125 2446 1189 2496; x_wconf 67' lang='lat' dir='ltr'><strong>situ</strong></span> <span class='ocrx_word' id='word_1_177' title='bbox 1211 2456 1298 2494; x_wconf 75' lang='lat' dir='ltr'><strong>autem</strong></span> 
     </span>
     <span class='ocr_line' id='line_1_22' title="bbox 225 2527 1299 2593; baseline -0.004 -17"><span class='ocrx_word' id='word_1_178' title='bbox 225 2527 341 2576; x_wconf 74' lang='lat' dir='ltr'><strong>audacius</strong></span> <span class='ocrx_word' id='word_1_179' title='bbox 353 2527 419 2576; x_wconf 78' lang='lat' dir='ltr'><strong>dicte</strong></span> <span class='ocrx_word' id='word_1_180' title='bbox 431 2527 540 2576; x_wconf 84' lang='lat' dir='ltr'><strong>emollire</strong></span> <span class='ocrx_word' id='word_1_181' title='bbox 553 2527 622 2576; x_wconf 71' lang='lat' dir='ltr'><strong>nolet.</strong></span> <span class='ocrx_word' id='word_1_182' title='bbox 636 2528 666 2576; x_wconf 87' lang='lat' dir='ltr'><strong>G.</strong></span> <span class='ocrx_word' id='word_1_183' title='bbox 781 2528 907 2593; x_wconf 72' lang='lat' dir='ltr'><strong>cognitum</strong></span> <span class='ocrx_word' id='word_1_184' title='bbox 923 2537 979 2588; x_wconf 77' lang='lat' dir='ltr'><strong>eet,</strong></span> <span class='ocrx_word' id='word_1_185' title='bbox 997 2528 1140 2578; x_wconf 81' lang='lat' dir='ltr'><strong>Ciceronem</strong></span> <span class='ocrx_word' id='word_1_186' title='bbox 1153 2541 1257 2590; x_wconf 71' lang='lat' dir='ltr'><strong>grum</strong></span> <span class='ocrx_word' id='word_1_187' title='bbox 1276 2541 1299 2572; x_wconf 85' lang='grc' dir='ltr'><strong>ιι</strong></span> 
     </span>
     <span class='ocr_line' id='line_1_23' title="bbox 263 2604 1300 2672; baseline -0.004 -16"><span class='ocrx_word' id='word_1_188' title='bbox 263 2607 305 2663; x_wconf 72' lang='grc'><strong>34.</strong></span> <span class='ocrx_word' id='word_1_189' title='bbox 328 2607 394 2655; x_wconf 79' lang='lat' dir='ltr'><strong>Duos</strong></span> <span class='ocrx_word' id='word_1_190' title='bbox 416 2618 506 2655; x_wconf 80' lang='lat' dir='ltr'><strong>autem.</strong></span> <span class='ocrx_word' id='word_1_191' title='bbox 531 2608 569 2658; x_wconf 82' lang='lat' dir='ltr'><strong>Nc</strong></span> <span class='ocrx_word' id='word_1_192' title='bbox 593 2623 648 2655; x_wconf 86' lang='lat' dir='ltr'><strong>cum</strong></span> <span class='ocrx_word' id='word_1_193' title='bbox 671 2604 738 2654; x_wconf 74' lang='lat' dir='ltr'><strong>haud</strong></span> <span class='ocrx_word' id='word_1_194' title='bbox 780 2608 919 2672; x_wconf 66' lang='lat' dir='ltr'><strong>promiscue</strong></span> <span class='ocrx_word' id='word_1_195' title='bbox 938 2617 1055 2670; x_wconf 76' lang='lat' dir='ltr'><strong>peccet</strong></span> <span class='ocrx_word' id='word_1_196' title='bbox 1073 2605 1300 2654; x_wconf 65' lang='lat' dir='ltr'><strong>ichemu.-</strong></span> 
     </span>
     <span class='ocr_line' id='line_1_24' title="bbox 225 2683 1299 2753; baseline -0.003 -19"><span class='ocrx_word' id='word_1_197' title='bbox 225 2687 309 2750; x_wconf 70' lang='lat' dir='ltr'><strong>paucis</strong></span> <span class='ocrx_word' id='word_1_198' title='bbox 327 2687 382 2734; x_wconf 84' lang='lat' dir='ltr'><strong>VV.</strong></span> <span class='ocrx_word' id='word_1_199' title='bbox 400 2689 455 2736; x_wconf 90' lang='lat' dir='ltr'><strong>DD.</strong></span> <span class='ocrx_word' id='word_1_200' title='bbox 475 2687 609 2735; x_wconf 79' lang='lat' dir='ltr'><strong>ontionem</strong></span> <span class='ocrx_word' id='word_1_201' title='bbox 628 2701 737 2734; x_wconf 71' lang='lat' dir='ltr'>menum</span> <span class='ocrx_word' id='word_1_202' title='bbox 781 2688 903 2753; x_wconf 81' lang='lat' dir='ltr'><strong>Lyceum,</strong></span> <span class='ocrx_word' id='word_1_203' title='bbox 915 2685 1082 2750; x_wconf 60' lang='lat' dir='ltr'><strong>cyrenem,</strong></span> <span class='ocrx_word' id='word_1_204' title='bbox 1099 2683 1247 2742; x_wconf 68' lang='lat' dir='ltr'><strong>Academia,</strong></span> <span class='ocrx_word' id='word_1_205' title='bbox 1259 2683 1299 2732; x_wconf 75' lang='lat' dir='ltr'><strong>A·</strong></span> 
     </span>
     <span class='ocr_line' id='line_1_25' title="bbox 224 2762 1296 2833; baseline -0.004 -20"><span class='ocrx_word' id='word_1_206' title='bbox 224 2765 436 2832; x_wconf 75' lang='lat' dir='ltr'><strong>imperfectumque</strong></span> <span class='ocrx_word' id='word_1_207' title='bbox 449 2778 534 2833; x_wconf 81' lang='lat' dir='ltr'><strong>putee,</strong></span> <span class='ocrx_word' id='word_1_208' title='bbox 545 2767 594 2815; x_wconf 86' lang='lat' dir='ltr'><strong>hoe</strong></span> <span class='ocrx_word' id='word_1_209' title='bbox 604 2764 736 2814; x_wconf 84' lang='lat' dir='ltr'><strong>tenendum</strong></span> <span class='ocrx_word' id='word_1_210' title='bbox 780 2765 861 2815; x_wconf 75' lang='lat' dir='ltr'><strong>thenit</strong></span> <span class='ocrx_word' id='word_1_211' title='bbox 877 2765 1002 2830; x_wconf 72' lang='lat' dir='ltr'><strong>gyuruuia</strong></span> <span class='ocrx_word' id='word_1_212' title='bbox 1020 2774 1089 2814; x_wconf 77' lang='lat' dir='ltr'><strong>eraut</strong></span> <span class='ocrx_word' id='word_1_213' title='bbox 1107 2774 1175 2812; x_wconf 74' lang='lat' dir='ltr'><strong>extre</strong></span> <span class='ocrx_word' id='word_1_214' title='bbox 1192 2762 1296 2822; x_wconf 81' lang='lat' dir='ltr'><strong>urbem,</strong></span> 
     </span>
     <span class='ocr_line' id='line_1_26' title="bbox 225 2841 1299 2909; baseline -0.004 -15"><span class='ocrx_word' id='word_1_215' title='bbox 225 2855 274 2907; x_wconf 75' lang='lat' dir='ltr'><strong>eet,</strong></span> <span class='ocrx_word' id='word_1_216' title='bbox 286 2845 360 2895; x_wconf 82' lang='lat' dir='ltr'><strong>verba</strong></span> <span class='ocrx_word' id='word_1_217' title='bbox 374 2869 387 2888; x_wconf 73' lang='grc' dir='ltr'>ι</span> <span class='ocrx_word' id='word_1_218' title='bbox 397 2845 460 2894; x_wconf 72' lang='lat' dir='ltr'><strong>duos</strong></span> <span class='ocrx_word' id='word_1_219' title='bbox 473 2858 553 2896; x_wconf 81' lang='lat' dir='ltr'><strong>eutem</strong></span> <span class='ocrx_word' id='word_1_220' title='bbox 566 2868 579 2889; x_wconf 74' lang='lat' dir='ltr'><strong>n</strong></span> <span class='ocrx_word' id='word_1_221' title='bbox 588 2846 623 2894; x_wconf 75' lang='lat' dir='ltr'><strong>tic</strong></span> <span class='ocrx_word' id='word_1_222' title='bbox 635 2845 666 2894; x_wconf 80' lang='lat' dir='ltr'><strong>ud</strong></span> <span class='ocrx_word' id='word_1_223' title='bbox 679 2843 736 2892; x_wconf 85' lang='lat' dir='ltr'><strong>reli·</strong></span> <span class='ocrx_word' id='word_1_224' title='bbox 779 2844 824 2894; x_wconf 86' lang='lat' dir='ltr'><strong>ubi</strong></span> <span class='ocrx_word' id='word_1_225' title='bbox 831 2847 945 2907; x_wconf 72' lang='lat' dir='ltr'><strong>iuventus</strong></span> <span class='ocrx_word' id='word_1_226' title='bbox 957 2859 1060 2909; x_wconf 74' lang='lat' dir='ltr'><strong>corpora</strong></span> <span class='ocrx_word' id='word_1_227' title='bbox 1070 2841 1299 2891; x_wconf 61' lang='lat' dir='ltr'><strong>exercebetllhru.</strong></span> 
     </span>
     <span class='ocr_line' id='line_1_27' title="bbox 191 2921 1299 3000; baseline -0.007 -24"><span class='ocrx_word' id='word_1_228' title='bbox 191 2973 195 2976; x_wconf 90' lang='lat'><strong>.</strong></span> <span class='ocrx_word' id='word_1_229' title='bbox 225 2924 316 2989; x_wconf 78' lang='lat' dir='ltr'><strong>quisset</strong></span> <span class='ocrx_word' id='word_1_230' title='bbox 333 2941 384 2974; x_wconf 76' lang='lat' dir='ltr'><strong>ctae</strong></span> <span class='ocrx_word' id='word_1_231' title='bbox 403 2925 543 2987; x_wconf 75' lang='lat' dir='ltr'><strong>referende,</strong></span> <span class='ocrx_word' id='word_1_232' title='bbox 563 2935 591 2974; x_wconf 87' lang='lat' dir='ltr'><strong>ut</strong></span> <span class='ocrx_word' id='word_1_233' title='bbox 608 2923 736 2990; x_wconf 64' lang='lat' dir='ltr'><strong>duciculus</strong></span> <span class='ocrx_word' id='word_1_234' title='bbox 815 2925 859 2972; x_wconf 74' lang='lat'><strong>38.</strong></span> <span class='ocrx_word' id='word_1_235' title='bbox 877 2922 1024 2990; x_wconf 68' lang='lat' dir='ltr'><strong>Diseioliuae.</strong></span> <span class='ocrx_word' id='word_1_236' title='bbox 1045 2923 1142 2972; x_wconf 75' lang='lat' dir='ltr'><strong>Certum</strong></span> <span class='ocrx_word' id='word_1_237' title='bbox 1163 2921 1299 3000; x_wconf 62' lang='lat' dir='ltr'><strong>quamdam</strong></span> 
     </span>
     <span class='ocr_line' id='line_1_28' title="bbox 224 2999 1299 3068; baseline -0.005 -16"><span class='ocrx_word' id='word_1_238' title='bbox 224 3003 297 3052; x_wconf 70' lang='lat' dir='ltr'><strong>timul</strong></span> <span class='ocrx_word' id='word_1_239' title='bbox 308 3005 408 3067; x_wconf 77' lang='lat' dir='ltr'><strong>cogitet.</strong></span> <span class='ocrx_word' id='word_1_240' title='bbox 421 3004 454 3053; x_wconf 85' lang='lat' dir='ltr'><strong>G.</strong></span> <span class='ocrx_word' id='word_1_241' title='bbox 779 3003 972 3068; x_wconf 75' lang='lat' dir='ltr'><strong>philosophandi</strong></span> <span class='ocrx_word' id='word_1_242' title='bbox 989 3003 1108 3051; x_wconf 77' lang='lat' dir='ltr'><strong>rationem</strong></span> <span class='ocrx_word' id='word_1_243' title='bbox 1123 3001 1150 3048; x_wconf 89' lang='lat' dir='ltr'><strong>iu</strong></span> <span class='ocrx_word' id='word_1_244' title='bbox 1167 2999 1299 3062; x_wconf 78' lang='lat' dir='ltr'><strong>moribus,</strong></span> 
     </span>
     <span class='ocr_line' id='line_1_29' title="bbox 261 3079 1298 3144; baseline -0.007 -12"><span class='ocrx_word' id='word_1_245' title='bbox 261 3079 303 3132; x_wconf 80' lang='lat'><strong>35.</strong></span> <span class='ocrx_word' id='word_1_246' title='bbox 313 3083 525 3132; x_wconf 79' lang='lat' dir='ltr'><strong>Proestantissimcr</strong></span> <span class='ocrx_word' id='word_1_247' title='bbox 533 3083 622 3132; x_wconf 81' lang='lat' dir='ltr'><strong>studio.</strong></span> <span class='ocrx_word' id='word_1_248' title='bbox 634 3083 737 3132; x_wconf 76' lang='lat' dir='ltr'><strong>Goereuz</strong></span> <span class='ocrx_word' id='word_1_249' title='bbox 781 3083 906 3142; x_wconf 79' lang='lat' dir='ltr'><strong>oratioue,</strong></span> <span class='ocrx_word' id='word_1_250' title='bbox 934 3092 960 3129; x_wconf 85' lang='lat' dir='ltr'><strong>et</strong></span> <span class='ocrx_word' id='word_1_251' title='bbox 985 3093 1071 3130; x_wconf 75' lang='lat' dir='ltr'><strong>nature</strong></span> <span class='ocrx_word' id='word_1_252' title='bbox 1095 3080 1298 3144; x_wconf 64' lang='lat' dir='ltr'><strong>descriptarum,</strong></span> 
     </span>
     <span class='ocr_line' id='line_1_30' title="bbox 225 3158 1296 3230; baseline -0.002 -20"><span class='ocrx_word' id='word_1_253' title='bbox 225 3161 267 3210; x_wconf 74' lang='lat' dir='ltr'><strong>dat</strong></span> <span class='ocrx_word' id='word_1_254' title='bbox 276 3163 475 3227; x_wconf 67' lang='lat' dir='ltr'><strong>praestantissimo</strong></span> <span class='ocrx_word' id='word_1_255' title='bbox 492 3180 515 3214; x_wconf 79' lang='lat' dir='ltr'><strong>t.</strong></span> <span class='ocrx_word' id='word_1_256' title='bbox 531 3164 598 3213; x_wconf 84' lang='lat' dir='ltr'><strong>Dicit</strong></span> <span class='ocrx_word' id='word_1_257' title='bbox 612 3174 735 3230; x_wconf 83' lang='lat' dir='ltr'><strong>proestau·</strong></span> <span class='ocrx_word' id='word_1_258' title='bbox 781 3177 853 3226; x_wconf 76' lang='lat' dir='ltr'><strong>quam</strong></span> <span class='ocrx_word' id='word_1_259' title='bbox 870 3177 930 3209; x_wconf 84' lang='lat' dir='ltr'><strong>mox</strong></span> <span class='ocrx_word' id='word_1_260' title='bbox 947 3159 1085 3225; x_wconf 77' lang='lat' dir='ltr'><strong>explicabit.</strong></span> <span class='ocrx_word' id='word_1_261' title='bbox 1104 3158 1134 3207; x_wconf 84' lang='lat' dir='ltr'><strong>Id</strong></span> <span class='ocrx_word' id='word_1_262' title='bbox 1151 3169 1232 3207; x_wconf 74' lang='lat' dir='ltr'><strong>eutem</strong></span> <span class='ocrx_word' id='word_1_263' title='bbox 1248 3175 1296 3208; x_wconf 86' lang='lat' dir='ltr'><strong>uec</strong></span> 
     </span>
     <span class='ocr_line' id='line_1_31' title="bbox 224 3238 1297 3306; baseline -0.002 -18"><span class='ocrx_word' id='word_1_264' title='bbox 224 3240 327 3288; x_wconf 74' lang='lat' dir='ltr'><strong>tissimus</strong></span> <span class='ocrx_word' id='word_1_265' title='bbox 348 3243 471 3290; x_wconf 86' lang='lat' dir='ltr'><strong>invectum</strong></span> <span class='ocrx_word' id='word_1_266' title='bbox 491 3259 542 3291; x_wconf 79' lang='lat' dir='ltr'><strong>ecee</strong></span> <span class='ocrx_word' id='word_1_267' title='bbox 562 3243 594 3291; x_wconf 76' lang='lat' dir='ltr'><strong>ab</strong></span> <span class='ocrx_word' id='word_1_268' title='bbox 616 3242 658 3302; x_wconf 75' lang='lat' dir='ltr'><strong>iia,</strong></span> <span class='ocrx_word' id='word_1_269' title='bbox 673 3257 736 3306; x_wconf 78' lang='lat' dir='ltr'><strong>quoe</strong></span> <span class='ocrx_word' id='word_1_270' title='bbox 780 3238 1297 3300; x_wconf 64' lang='lat' dir='ltr'><strong>Socmtet‚uccPlutoserenanti-“omem</strong></span> 
     </span>
     <span class='ocr_line' id='line_1_32' title="bbox 225 3317 1300 3384; baseline 0 -18"><span class='ocrx_word' id='word_1_271' title='bbox 225 3319 330 3382; x_wconf 67' lang='lat' dir='ltr'><strong>fugeret,</strong></span> <span class='ocrx_word' id='word_1_272' title='bbox 342 3319 491 3380; x_wconf 76' lang='lat' dir='ltr'><strong>adjectivum</strong></span> <span class='ocrx_word' id='word_1_273' title='bbox 500 3320 532 3367; x_wconf 75' lang='lat' dir='ltr'><strong>ad</strong></span> <span class='ocrx_word' id='word_1_274' title='bbox 545 3324 612 3384; x_wconf 85' lang='lat' dir='ltr'><strong>prim</strong></span> <span class='ocrx_word' id='word_1_275' title='bbox 624 3320 736 3368; x_wconf 79' lang='lat' dir='ltr'><strong>subeun-</strong></span> <span class='ocrx_word' id='word_1_276' title='bbox 780 3319 856 3379; x_wconf 77' lang='lat' dir='ltr'><strong>dixit,</strong></span> <span class='ocrx_word' id='word_1_277' title='bbox 867 3337 881 3366; x_wconf 84' lang='lat' dir='ltr'><strong>a</strong></span> <span class='ocrx_word' id='word_1_278' title='bbox 894 3318 1006 3368; x_wconf 81' lang='lat' dir='ltr'><strong>formulit</strong></span> <span class='ocrx_word' id='word_1_279' title='bbox 1018 3319 1141 3366; x_wconf 84' lang='lat' dir='ltr'><strong>actionum</strong></span> <span class='ocrx_word' id='word_1_280' title='bbox 1153 3329 1179 3366; x_wconf 92' lang='lat' dir='ltr'><strong>et</strong></span> <span class='ocrx_word' id='word_1_281' title='bbox 1191 3317 1300 3382; x_wconf 75' lang='lat' dir='ltr'><strong>stipula·</strong></span> 
     </span>
     <span class='ocr_line' id='line_1_33' title="bbox 225 3397 1224 3462; baseline 0 -18"><span class='ocrx_word' id='word_1_282' title='bbox 225 3397 319 3455; x_wconf 83' lang='lat' dir='ltr'><strong>tivum,</strong></span> <span class='ocrx_word' id='word_1_283' title='bbox 332 3398 387 3444; x_wconf 75' lang='lat' dir='ltr'><strong>toni</strong></span> <span class='ocrx_word' id='word_1_284' title='bbox 400 3413 471 3446; x_wconf 75' lang='lat' dir='ltr'><strong>caum</strong></span> <span class='ocrx_word' id='word_1_285' title='bbox 479 3399 647 3462; x_wconf 66' lang='lat' dir='ltr'><strong>prepositum,</strong></span> <span class='ocrx_word' id='word_1_286' title='bbox 655 3408 736 3445; x_wconf 79' lang='lat' dir='ltr'><strong>tamen</strong></span> <span class='ocrx_word' id='word_1_287' title='bbox 781 3399 877 3448; x_wconf 85' lang='lat' dir='ltr'><strong>tionum</strong></span> <span class='ocrx_word' id='word_1_288' title='bbox 889 3398 962 3446; x_wconf 75' lang='lat' dir='ltr'><strong>ducta</strong></span> <span class='ocrx_word' id='word_1_289' title='bbox 975 3398 1124 3462; x_wconf 67' lang='lat' dir='ltr'><strong>metaphora.</strong></span> <span class='ocrx_word' id='word_1_290' title='bbox 1138 3398 1224 3446; x_wconf 68' lang='grc' dir='ltr'><strong>Τιτιιι.</strong></span> 
     </span>
     <span class='ocr_line' id='line_1_34' title="bbox 226 3466 1300 3541; baseline 0.002 -19"><span class='ocrx_word' id='word_1_291' title='bbox 226 3473 344 3523; x_wconf 79' lang='lat' dir='ltr'><strong>etiamad</strong></span> <span class='ocrx_word' id='word_1_292' title='bbox 361 3491 463 3539; x_wconf 82' lang='lat' dir='ltr'><strong>ecquem</strong></span> <span class='ocrx_word' id='word_1_293' title='bbox 480 3475 559 3525; x_wconf 74' lang='lat' dir='ltr'><strong>iubet.</strong></span> <span class='ocrx_word' id='word_1_294' title='bbox 573 3475 667 3535; x_wconf 85' lang='lat' dir='ltr'><strong>valere,</strong></span> <span class='ocrx_word' id='word_1_295' title='bbox 680 3475 737 3523; x_wconf 87' lang='lat' dir='ltr'><strong>licet</strong></span> <span class='ocrx_word' id='word_1_296' title='bbox 818 3479 861 3541; x_wconf 76' lang='lat'><strong>³9.</strong></span> <span class='ocrx_word' id='word_1_297' title='bbox 879 3478 952 3526; x_wconf 85' lang='lat' dir='ltr'><strong>Illam</strong></span> <span class='ocrx_word' id='word_1_298' title='bbox 968 3488 1050 3526; x_wconf 82' lang='lat' dir='ltr'><strong>autem</strong></span> <span class='ocrx_word' id='word_1_299' title='bbox 1065 3466 1214 3526; x_wconf 75' lang='lat' dir='ltr'><strong>Socraticam</strong></span> <span class='ocrx_word' id='word_1_300' title='bbox 1227 3475 1300 3524; x_wconf 74' lang='lat' dir='ltr'><strong>dritt-</strong></span> 
     </span>
     <span class='ocr_line' id='line_1_35' title="bbox 225 3551 1299 3617; baseline 0.002 -16"><span class='ocrx_word' id='word_1_301' title='bbox 225 3553 253 3601; x_wconf 88' lang='lat' dir='ltr'><strong>id</strong></span> <span class='ocrx_word' id='word_1_302' title='bbox 267 3551 352 3617; x_wconf 80' lang='lat' dir='ltr'><strong>‘genere</strong></span> <span class='ocrx_word' id='word_1_303' title='bbox 367 3553 473 3602; x_wconf 78' lang='lat' dir='ltr'><strong>diflerat.</strong></span> <span class='ocrx_word' id='word_1_304' title='bbox 486 3555 586 3604; x_wconf 82' lang='lat' dir='ltr'><strong>Tuecul.</strong></span> <span class='ocrx_word' id='word_1_305' title='bbox 602 3557 629 3614; x_wconf 90' lang='lat'><strong>1,</strong></span> <span class='ocrx_word' id='word_1_306' title='bbox 651 3557 683 3616; x_wconf 75' lang='grc'><strong>4,</strong></span> <span class='ocrx_word' id='word_1_307' title='bbox 706 3571 738 3616; x_wconf 81' lang='lat'><strong>7:</strong></span> <span class='ocrx_word' id='word_1_308' title='bbox 785 3557 948 3607; x_wconf 83' lang='lat' dir='ltr'><strong>tationem...</strong></span> <span class='ocrx_word' id='word_1_309' title='bbox 960 3594 966 3605; x_wconf 92' lang='lat'><strong>.</strong></span> <span class='ocrx_word' id='word_1_310' title='bbox 985 3568 1022 3606; x_wconf 85' lang='lat' dir='ltr'><strong>ct.</strong></span> <span class='ocrx_word' id='word_1_311' title='bbox 1032 3591 1038 3604; x_wconf 90' lang='lat'><strong>.</strong></span> <span class='ocrx_word' id='word_1_312' title='bbox 1050 3591 1075 3606; x_wconf 92' lang='lat'><strong>..</strong></span> <span class='ocrx_word' id='word_1_313' title='bbox 1096 3555 1299 3604; x_wconf 71' lang='lat' dir='ltr'><strong>cousuetudinem</strong></span> 
     </span>
     <span class='ocr_line' id='line_1_36' title="bbox 226 3634 1299 3698; baseline 0.005 -19"><span class='ocrx_word' id='word_1_314' title='bbox 226 3634 286 3681; x_wconf 80' lang='lat' dir='ltr'><strong>«vir</strong></span> <span class='ocrx_word' id='word_1_315' title='bbox 295 3649 390 3681; x_wconf 74' lang='lat' dir='ltr'><strong>nummo</strong></span> <span class='ocrx_word' id='word_1_316' title='bbox 398 3634 736 3698; x_wconf 75' lang='lat' dir='ltr'><strong>ingenio‚rcientie,copia··</strong></span> <span class='ocrx_word' id='word_1_317' title='bbox 784 3636 923 3685; x_wconf 82' lang='lat' dir='ltr'><strong>disserendi.</strong></span> <span class='ocrx_word' id='word_1_318' title='bbox 946 3639 973 3684; x_wconf 88' lang='lat' dir='ltr'><strong>P.</strong></span> <span class='ocrx_word' id='word_1_319' title='bbox 994 3637 1115 3688; x_wconf 74' lang='lat' dir='ltr'><strong>Circouut</strong></span> <span class='ocrx_word' id='word_1_320' title='bbox 1135 3635 1209 3684; x_wconf 80' lang='lat' dir='ltr'><strong>etiam</strong></span> <span class='ocrx_word' id='word_1_321' title='bbox 1229 3635 1257 3685; x_wconf 91' lang='lat' dir='ltr'><strong>h.</strong></span> <span class='ocrx_word' id='word_1_322' title='bbox 1277 3635 1299 3684; x_wconf 93' lang='lat' dir='ltr'><strong>l.</strong></span> 
     </span>
     <span class='ocr_line' id='line_1_37' title="bbox 226 3712 1301 3777; baseline 0.002 -17"><span class='ocrx_word' id='word_1_323' title='bbox 226 3713 323 3761; x_wconf 79' lang='lat' dir='ltr'><strong>Murco.</strong></span> <span class='ocrx_word' id='word_1_324' title='bbox 336 3729 377 3775; x_wconf 79' lang='lat'><strong>17,</strong></span> <span class='ocrx_word' id='word_1_325' title='bbox 391 3713 438 3772; x_wconf 78' lang='lat'><strong>363</strong></span> <span class='ocrx_word' id='word_1_326' title='bbox 455 3734 466 3756; x_wconf 86' lang='grc' dir='ltr'>ι</span> <span class='ocrx_word' id='word_1_327' title='bbox 477 3716 504 3762; x_wconf 83' lang='lat' dir='ltr'><strong>L.</strong></span> <span class='ocrx_word' id='word_1_328' title='bbox 519 3712 659 3777; x_wconf 83' lang='lat' dir='ltr'><strong>Philippum</strong></span> <span class='ocrx_word' id='word_1_329' title='bbox 672 3729 737 3761; x_wconf 74' lang='lat' dir='ltr'><strong>tum·</strong></span> <span class='ocrx_word' id='word_1_330' title='bbox 782 3715 875 3774; x_wconf 83' lang='lat' dir='ltr'><strong>turbat,</strong></span> <span class='ocrx_word' id='word_1_331' title='bbox 888 3732 960 3764; x_wconf 75' lang='lat' dir='ltr'><strong>vocer</strong></span> <span class='ocrx_word' id='word_1_332' title='bbox 974 3715 1199 3764; x_wconf 82' lang='lat' dir='ltr'><strong>dubitationem...</strong></span> <span class='ocrx_word' id='word_1_333' title='bbox 1216 3724 1241 3762; x_wconf 82' lang='lat' dir='ltr'><strong>et</strong></span> <span class='ocrx_word' id='word_1_334' title='bbox 1255 3713 1301 3762; x_wconf 89' lang='lat' dir='ltr'><strong>de·</strong></span> 
     </span>
     <span class='ocr_line' id='line_1_38' title="bbox 226 3790 1299 3857; baseline 0.002 -19"><span class='ocrx_word' id='word_1_335' title='bbox 226 3806 267 3838; x_wconf 86' lang='lat' dir='ltr'><strong>mo</strong></span> <span class='ocrx_word' id='word_1_336' title='bbox 278 3790 734 3857; x_wconf 54' lang='lat' dir='ltr'><strong>ingenio,operugratiamobtliute».</strong></span> <span class='ocrx_word' id='word_1_337' title='bbox 780 3794 848 3854; x_wconf 83' lang='lat' dir='ltr'><strong>leue,</strong></span> <span class='ocrx_word' id='word_1_338' title='bbox 865 3805 894 3842; x_wconf 88' lang='lat' dir='ltr'><strong>ut</strong></span> <span class='ocrx_word' id='word_1_339' title='bbox 914 3794 995 3842; x_wconf 83' lang='lat' dir='ltr'><strong>omuia</strong></span> <span class='ocrx_word' id='word_1_340' title='bbox 1015 3792 1047 3842; x_wconf 75' lang='lat' dir='ltr'><strong>ad</strong></span> <span class='ocrx_word' id='word_1_341' title='bbox 1071 3792 1299 3844; x_wconf 75' lang='lat' dir='ltr'><strong>«cousuetudinem</strong></span> 
     </span>
     <span class='ocr_line' id='line_1_39' title="bbox 226 3869 1301 3935; baseline 0.003 -18"><span class='ocrx_word' id='word_1_342' title='bbox 226 3872 275 3918; x_wconf 85' lang='lat' dir='ltr'><strong>Pro</strong></span> <span class='ocrx_word' id='word_1_343' title='bbox 287 3869 371 3920; x_wconf 78' lang='lat' dir='ltr'><strong>habit.</strong></span> <span class='ocrx_word' id='word_1_344' title='bbox 386 3869 675 3934; x_wconf 72' lang='lat' dir='ltr'><strong>5‚17:«mtocouuilio,</strong></span> <span class='ocrx_word' id='word_1_345' title='bbox 688 3873 736 3920; x_wconf 85' lang='lat' dir='ltr'><strong>vir·</strong></span> <span class='ocrx_word' id='word_1_346' title='bbox 776 3873 913 3924; x_wconf 72' lang='lat' dir='ltr'><strong>“disserendi</strong></span> <span class='ocrx_word' id='word_1_347' title='bbox 932 3897 945 3918; x_wconf 69' lang='lat' dir='ltr'>a</span> <span class='ocrx_word' id='word_1_348' title='bbox 966 3875 1108 3922; x_wconf 80' lang='lat' dir='ltr'><strong>reserantur.</strong></span> <span class='ocrx_word' id='word_1_349' title='bbox 1132 3874 1214 3935; x_wconf 77' lang='lat' dir='ltr'><strong>Quum</strong></span> <span class='ocrx_word' id='word_1_350' title='bbox 1237 3887 1301 3920; x_wconf 83' lang='lat' dir='ltr'><strong>cou-</strong></span> 
     </span>
     <span class='ocr_line' id='line_1_40' title="bbox 227 3949 1298 4018; baseline 0.003 -23"><span class='ocrx_word' id='word_1_351' title='bbox 227 3959 292 4006; x_wconf 87' lang='lat' dir='ltr'><strong>tute‚</strong></span> <span class='ocrx_word' id='word_1_352' title='bbox 301 3951 455 4010; x_wconf 75' lang='lat' dir='ltr'><strong>auctoritate,</strong></span> <span class='ocrx_word' id='word_1_353' title='bbox 465 3961 513 3998; x_wconf 86' lang='lat' dir='ltr'><strong>etc.</strong></span> <span class='ocrx_word' id='word_1_354' title='bbox 524 3971 538 3992; x_wconf 68' lang='lat' dir='ltr'><strong>a</strong></span> <span class='ocrx_word' id='word_1_355' title='bbox 779 3954 896 4014; x_wconf 71' lang='lat' dir='ltr'><strong>jucturam</strong></span> <span class='ocrx_word' id='word_1_356' title='bbox 909 3954 940 4002; x_wconf 88' lang='lat' dir='ltr'><strong>uh</strong></span> <span class='ocrx_word' id='word_1_357' title='bbox 953 3956 1013 4002; x_wconf 86' lang='lat' dir='ltr'><strong>Ern.</strong></span> <span class='ocrx_word' id='word_1_358' title='bbox 1026 3952 1168 4018; x_wconf 79' lang='lat' dir='ltr'><strong>probatum,</strong></span> <span class='ocrx_word' id='word_1_359' title='bbox 1186 3949 1298 3999; x_wconf 75' lang='lat' dir='ltr'><strong>lldleeur.</strong></span> 
     </span>
     <span class='ocr_line' id='line_1_41' title="bbox 263 4026 1300 4097; baseline 0.002 -22"><span class='ocrx_word' id='word_1_360' title='bbox 263 4029 304 4076; x_wconf 76' lang='lat'><strong>36.</strong></span> <span class='ocrx_word' id='word_1_361' title='bbox 322 4028 469 4093; x_wconf 73' lang='lat' dir='ltr'><strong>Stagiritem.</strong></span> <span class='ocrx_word' id='word_1_362' title='bbox 485 4029 525 4077; x_wconf 86' lang='lat' dir='ltr'><strong>Sic</strong></span> <span class='ocrx_word' id='word_1_363' title='bbox 539 4045 622 4078; x_wconf 74' lang='lat' dir='ltr'><strong>omues</strong></span> <span class='ocrx_word' id='word_1_364' title='bbox 635 4033 697 4091; x_wconf 86' lang='lat' dir='ltr'><strong>mei,</strong></span> <span class='ocrx_word' id='word_1_365' title='bbox 710 4042 737 4081; x_wconf 91' lang='lat' dir='ltr'><strong>ut</strong></span> <span class='ocrx_word' id='word_1_366' title='bbox 782 4026 868 4083; x_wconf 84' lang='lat' dir='ltr'><strong>edidit.</strong></span> <span class='ocrx_word' id='word_1_367' title='bbox 886 4034 1022 4097; x_wconf 77' lang='lat' dir='ltr'><strong>Perpetem.</strong></span> <span class='ocrx_word' id='word_1_368' title='bbox 1042 4032 1130 4081; x_wconf 86' lang='lat' dir='ltr'><strong>Voluit</strong></span> <span class='ocrx_word' id='word_1_369' title='bbox 1147 4030 1235 4080; x_wconf 84' lang='lat' dir='ltr'><strong>Cicero</strong></span> <span class='ocrx_word' id='word_1_370' title='bbox 1252 4046 1300 4094; x_wconf 83' lang='lat' dir='ltr'><strong>per</strong></span> 
     </span>
     <span class='ocr_line' id='line_1_42' title="bbox 228 4105 1298 4176; baseline 0.007 -22"><span class='ocrx_word' id='word_1_371' title='bbox 228 4105 302 4174; x_wconf 73' lang='lat' dir='ltr'><strong>vulgo</strong></span> <span class='ocrx_word' id='word_1_372' title='bbox 309 4125 317 4168; x_wconf 74' lang='lat'>3</span> <span class='ocrx_word' id='word_1_373' title='bbox 336 4125 437 4174; x_wconf 66' lang='lat' dir='ltr'><strong>amque</strong></span> <span class='ocrx_word' id='word_1_374' title='bbox 454 4108 648 4160; x_wconf 83' lang='lat' dir='ltr'><strong>terminationem</strong></span> <span class='ocrx_word' id='word_1_375' title='bbox 662 4111 700 4160; x_wconf 77' lang='lat' dir='ltr'><strong>hh</strong></span> <span class='ocrx_word' id='word_1_376' title='bbox 712 4112 738 4160; x_wconf 89' lang='lat' dir='ltr'><strong>iu</strong></span> <span class='ocrx_word' id='word_1_377' title='bbox 782 4111 957 4162; x_wconf 81' lang='lat' dir='ltr'><strong>dubitationem</strong></span> <span class='ocrx_word' id='word_1_378' title='bbox 969 4109 1055 4176; x_wconf 64' lang='grc' dir='ltr'><strong>ἐποχὴν</strong></span> <span class='ocrx_word' id='word_1_379' title='bbox 1067 4111 1134 4164; x_wconf 75' lang='lat' dir='ltr'><strong>illem</strong></span> <span class='ocrx_word' id='word_1_380' title='bbox 1145 4125 1298 4176; x_wconf 60' lang='lat' dir='ltr'><strong>cupreum</strong></span> 
     </span>
    </p>
   </div>
   <div class='ocr_carea' id='block_1_5' title="bbox 0 0 1387 4682">
    <p class='ocr_par' dir='ltr' id='par_1_5' title="bbox 0 0 1387 4682">
     <span class='ocr_line' id='line_1_43' title="bbox 0 0 1387 4682; baseline 0 0"><span class='ocrx_word' id='word_1_381' title='bbox 0 0 1387 4682; x_wconf 95' lang='lat' dir='ltr'><strong> </strong></span> 
     </span>
    </p>
   </div>
  </div>
 </body>
</html>
