2762 4682
244 399 310 486 146
579 400 634 466 M:
652 399 690 466 Τ.
718 393 963 465 CICERONIS

237 537 356 594 essent
380 521 494 619 prima
521 517 599 618 [in]
627 533 775 604 natura,
799 539 954 614 quaeque
972 517 1048 613 ipsa
1067 535 1132 612 per
1152 535 1234 585 sese
1249 535 1314 583 ex·

236 631 412 730 petenda,
433 641 494 701 aut
512 631 634 699 omnia
645 627 674 716 θ,
700 641 762 698 aut
782 628 969 697 maximat
998 629 1049 697 Ea
1072 639 1163 695 sunt
1179 639 1312 696 autern

236 745 410 828 maxima,
434 764 513 837 quae
542 742 580 808 in
609 739 687 836 ipso
714 738 853 824 animo,
876 750 984 833 atque
1010 735 1148 832 inipso
1170 735 1315 804 virtute

235 867 435 924 versantur.
452 854 579 946 ltaque
596 843 715 919 omnis
732 847 793 918 ille
810 847 959 942 antiqua
973 843 1207 943 philosophia
1220 867 1314 914 sen·

235 964 299 1050 sit,
320 963 357 1031 in
384 985 456 1030 una
482 961 614 1029 virtute
642 983 718 1030 esse
745 958 898 1056 positam
921 955 1064 1028 beatam
1085 957 1213 1040 vitam;
1239 977 1315 1025 nec

235 1087 356 1168 tamen
378 1065 658 1154 beatissimam⁸,
675 1069 744 1138 nisi
765 1058 1065 1162 adjungerentum
1078 1077 1115 1136 et
1127 1063 1315 1162 corporis,

234 1197 271 1253 et
295 1196 432 1268 cetera,
457 1201 539 1277 quae
569 1203 680 1277 supra
711 1177 932 1263 dictasunt,
958 1175 1004 1247 ad
1030 1177 1171 1247 virtutis
1196 1197 1314 1245 usum

186 1305 218 1359 23
234 1292 376 1363 idonea.
392 1294 444 1360 lix
458 1289 526 1360 hac
540 1287 802 1387 descriptione,
817 1286 945 1386 egendi
957 1309 1106 1385 quoque
1120 1295 1153 1330 ¹⁰
1165 1284 1313 1382 aliquid

234 1405 273 1474 in
292 1406 381 1485 vita,
410 1413 447 1471 et
471 1397 583 1470 officii
604 1400 717 1498 ipsius
744 1399 888 1469 initium
914 1395 1180 1495 reperiebatur3
1204 1392 1314 1492 quod

235 1525 311 1581 erat
326 1512 364 1579 in
384 1511 657 1580 conservatione
674 1532 798 1578 earum
813 1532 953 1595 rerum,
966 1531 1058 1604 quas
1072 1521 1201 1577 natura
1217 1529 1316 1604 prae·

234 1617 419 1692 scriberet.
442 1620 534 1690 Hinc
559 1617 817 1718 gignebatur¹¹
845 1617 929 1716 fuga
951 1615 1112 1706 desidite,
1136 1615 1313 1713 volupta-

235 1745 390 1829 tumque
422 1733 672 1828 contemptio:
695 1755 739 1801 ex
766 1754 842 1827 quo
867 1727 1035 1800 laborum
1062 1726 1314 1824 dolorumque

235 1908 461 1974 videmurlv'erisnt
471 1935 495 1974 et
504 1925 580 1975 codd.
589 1936 614 1974 et
622 1925 680 1976 edd.
688 1935 750 1978 vett.
794 1925 839 1982 sit,
850 1923 876 1971 in
886 1923 976 1972 virtute
988 1933 1013 1972 et
1023 1921 1315 1972 aliisbonisbeetiesime.

236 2019 342 2069 quornm
353 2014 389 2052 est
400 2003 485 2062 multi,
502 2021 633 2068 omnesque
645 2006 710 2064 mei,
725 2004 751 2053 r'rr
795 2003 878 2053 Turn.
1179 2059 1186 2070 ι

233 2083 315 2147 prima
327 2093 416 2130 natura
430 2081 556 2131 exhibent.
568 2083 694 2148 Expressit
707 2099 751 2131 su·
831 2101 856 2148 9.
873 2081 929 2130 Nisi
941 2081 1135 2148 erIJ'nngerentur
1146 2093 1171 2128 et
1183 2080 1315 2145 eorporr's,

236 2173 286 2211 tem
299 2157 331 2211 r&
343 2163 431 2228 πρῶτα
447 2159 515 2226 prices
524 2171 618 2210 ructor.
633 2163 692 2210 llaec
702 2163 750 2227 ipsi
795 2175 820 2211 et
838 2174 929 2210 cerere.
945 2159 1029 2209 Lemb.
1046 2161 1145 2226 quidem
1158 2171 1183 2208 et
1194 2161 1283 2209 Deris.
1299 2177 1315 2207 e

235 2253 283 2305 pro
296 2241 362 2288 veris
376 2243 518 2290 Graecorum
527 2241 622 2288 ratione
633 2241 698 2288 serie
710 2241 748 2290 tli-
791 2241 866 2292 codd.
882 2239 1028 2304 quibusdem
1048 2241 1123 2288 etiam
1141 2257 1209 2306 corp.
1229 2239 1314 2288 dede-

237 2331 345 2380 eunmr;
359 2335 384 2368 v.
403 2335 426 2383 g.
438 2319 520 2383 prima
532 2319 662 2368 secundnm
677 2330 748 2368 natu·
792 2332 866 2369 runt:
880 2318 949 2383 quod
959 2335 1005 2367 noe
1017 2320 1116 2383 quidem
1130 2319 1191 2367 nihil
1210 2335 1314 2368 neeesse

237 2413 292 2446 ram
306 2397 408 2465 (πρῶτα
425 2395 490 2448 κατὰ
507 2396 593 2464 φύσιν)
607 2399 658 2448 Fin.
667 2401 703 2458 V,
719 2415 748 2462 7,
792 2411 914 2465 putemus.
928 2399 1043 2463 Triplicie
1054 2415 1141 2463 nempe
1148 2399 1246 2463 antiqui
1258 2399 1314 2464 plri-

240 2479 283 2535 183
296 2477 353 2532 roll.
365 2475 429 2526 Gell.
440 2477 473 2526 tt.
485 2481 538 2526 Διὶ.
547 2479 612 2536 xn,
625 2475 656 2528 ὅτ
666 2477 749 2542 prime
792 2479 891 2543 losophi
902 2479 980 2536 bona,
994 2477 1085 2537 artiori,
1097 2477 1217 2543 corporei,
1228 2479 1311 2536 viter,

237 2567 334 2604 namne
347 2556 450 2623 (πρῶτα
465 2555 572 2622 φύσεως)
585 2557 638 2607 fin.
647 2559 699 2616 111,
720 2559 749 2618 s,
793 2557 938 2608 statuebant.
949 2561 1019 2606 Bona
1029 2558 1193 2608 animiautem
1206 2559 1315 2624 proprie

238 2649 269 2684 rr
282 2649 289 2695 ς
303 2637 415 2696 Turev,
425 2637 469 2695 30,
481 2637 529 2684 80:
542 2635 749 2702 deniqueprr'ma‚
794 2638 906 2687 edvitem
916 2637 1144 2686 exvirtutebentsrn
1155 2639 1310 2685 referuntur:
1326 2675 1328 2678 .

238 2715 277 2763 sel
284 2715 424 2781 principie,
446 2715 593 2781 narnralia(
609 2720 697 2786 πρῶτα
707 2731 750 2782 φυ-
794 2716 839 2764 sed
852 2727 877 2764 et
891 2718 1019 2782 eorporis,
1037 2727 1061 2765 et
1078 2715 1134 2764 vitre
1152 2715 1217 2764 bons
1232 2714 1315 2782 (qne.-

238 2791 419 2860 entmult,
432 2811 471 2854 ιι,
482 2795 670 2861 35:postremo
679 2797 751 2845 etism
796 2797 821 2844 h.
834 2795 851 2844 l.
866 2808 947 2844 cetera
961 2795 998 2844 ad
1017 2795 1115 2844 niraerrtr's
1132 2813 1201 2844 usum
1217 2795 1313 2844 idonea

236 2874 320 2938 prima
341 2874 403 2922 data
425 2891 449 2923 v.
469 2875 547 2922 ascita
568 2887 667 2925 natum.
692 2877 751 2924 llere
795 2873 984 2940 appellentur),
998 2875 1106 2938 requiri,
1127 2885 1216 2923 ructor
1233 2873 1314 2934 dicit,

239 2966 363 3002 auctorem
380 2953 406 3001 lr.
423 2951 441 3002 l.
457 2969 508 3002 non
519 2956 603 3020 prima
617 2956 642 3003 in
660 2967 752 3003 netum
795 2965 825 3002 ut
837 2955 887 3002 vite
898 2954 985 3002 evsdst
998 2954 1145 3003 deatnsima.
1159 2953 1193 3005 G.

241 3031 321 3081 dicere
344 3033 470 3097 potuisse,
491 3043 583 3081 eertum
604 3045 648 3083 est.
676 3033 752 3083 uuna
835 3049 875 3082 ιο.
900 3035 943 3082 Ex
956 3031 1004 3082 lac
1023 3031 1196 3097 descriptione,
1217 3033 1318 3098 agendi

240 3112 305 3159 eninr
338 3109 396 3159 loeo
418 3111 497 3159 Graeei
523 3116 609 3179 πρῶτα
634 3111 656 3162 ἐν
684 3111 752 3177 φύσει
796 3128 902 3178 quoqne.
913 3115 996 3161 Oxou.
1006 3115 1039 3160 V.
1049 3124 1073 3160 et
1082 3113 1136 3160 Bes.
1146 3129 1244 3178 qnoque
1254 3124 1315 3160 ante

242 3200 342 3248 vocent,
355 3205 410 3254 quse
421 3189 469 3237 hoc
478 3189 536 3239 loco
547 3201 671 3240 notentur.
681 3191 752 3240 Nihil
795 3189 952 3258 descriptione
962 3201 1138 3258 transponunt;
1147 3191 1189 3239 sed
1199 3208 1233 3240 ex
1241 3202 1315 3240 certo

243 3269 316 3332 igitur
338 3267 501 3331 relinquitur,
522 3269 623 3330 nisi,ut
637 3270 681 3329 in,
696 3287 752 3334 quer
795 3273 862 3319 vitio.
882 3271 944 3319 Nem
957 3271 1096 3336 quoqneed
1110 3269 1202 3346 egpndr'
1210 3272 1316 3336 proprie

243 3347 396 3410 velexsegs
408 3347 463 3395 sede
474 3363 515 3396 sue
525 3360 635 3414 suspecte
652 3359 705 3411 est,
718 3350 753 3398 in·
796 3349 910 3414 pertinet.
928 3349 1005 3410 Vide,
1027 3367 1081 3414 quae
1105 3349 1136 3397 de
1162 3348 1220 3397 sede
1236 3351 1315 3410 hujus

244 3425 342 3474 sititism
355 3425 463 3486 judices,
483 3437 512 3476 ut
525 3429 596 3475 etiem
610 3427 692 3475 Deris.
706 3437 754 3476 ste·
797 3439 859 3493 pert.
873 3429 904 3476 ed
914 3431 985 3494 legg.
997 3429 1146 3492 11‚27,6t,
1160 3429 1314 3477 monuimus.

244 3503 368 3552 tuitllem
379 3519 435 3552 oum
446 3503 543 3554 Bromio
554 3506 583 3554 ed
597 3505 651 3555 Flu.
663 3507 699 3564 11,
713 3521 753 3566 ιι,
798 3509 888 3555 Eorum
898 3525 970 3568 vero,
985 3525 1040 3572 qun
1049 3507 1134 3567 his‚et
1147 3508 1269 3572 proximis
1279 3507 1316 3556 di-

240 3581 324 3648 pn'ma
332 3591 430 3629 natura
439 3585 571 3648 corrigere,
586 3583 648 3632 nihil
658 3601 754 3634 necesse
798 3595 900 3648 cuntur,
909 3589 1026 3634 sententie
1037 3585 1090 3634 haee
1101 3597 1137 3634 est
1148 3600 1154 3634 :
1171 3608 1182 3630 ι
1194 3586 1234 3634 Ad
1245 3585 1314 3634 hane

245 3673 289 3709 est.
306 3685 341 3696 ·-
356 3659 421 3709 tv,
434 3661 462 3708 L.
482 3663 570 3712 vertit:
591 3662 624 3711 les
636 3663 755 3728 premiere
798 3664 851 3713 haee
861 3665 1015 3714 describendi
1026 3665 1223 3730 disponendique
1236 3667 1314 3713 ratio-

245 3755 322 3787 voenx
335 3739 366 3786 de
376 3739 401 3786 la
410 3749 508 3789 nature.
797 3759 854 3790 nem
867 3742 1002 3791 docuerunt
1013 3745 1099 3802 etiem,
1113 3743 1180 3793 unde
1193 3741 1315 3806 obligatio

281 3819 306 3866 6.
325 3820 377 3866 Aut
389 3819 480 3868 omnia.
499 3821 601 3880 Animi,
624 3825 733 3888 corporis
745 3862 754 3888 ‚
797 3820 830 3869 ed
841 3823 961 3884 egendum
970 3857 976 3882 ,
986 3822 1113 3887 ipsumque
1127 3821 1253 3882 officinm,
1264 3825 1315 3870 ori·

245 3897 357 3946 sonunt.
372 3897 458 3946 'l'usn-
797 3911 876 3958 retnr;
887 3900 960 3964 idque
968 3900 1125 3966 ponebantur
1137 3901 1315 3951 conservendis

281 3993 305 4038 7.
319 3975 442 4026 Maxime.
454 3977 573 4025 Virtutes.
583 3977 666 4026 Turn.
797 3979 829 4028 iis
841 3980 933 4040 rebus,
946 3997 1006 4044 ques
1019 3981 1148 4032 servendrs
1165 3993 1252 4032 nature
1272 3984 1313 4044 jn·

281 4055 306 4104 8.
316 4054 677 4106 Beatissimemdllisenirnvitn
684 4057 755 4106 betta
798 4057 866 4108 beret
875 4081 897 4107 ι.
911 4061 942 4108 G.

246 4133 333 4198 gradus
347 4137 436 4194 hebet,
450 4135 518 4184 utin
528 4135 695 4183 virtutebests
707 4137 755 4182 sits
838 4154 878 4185 ιι.
893 4138 958 4186 Hine
967 4137 1124 4204 gignebatur.
1142 4141 1177 4186 Ut
1186 4157 1214 4188 ea
1228 4156 1316 4188 eonse-
