2786 4674
254 366 325 440 630
589 368 638 434 M.
652 367 703 446 T.
729 364 971 435 CICERONIS

254 492 331 548 tione
353 487 516 559 contendit,
538 485 695 546 inflammat
718 505 823 566 corpus
842 497 929 565 alque
943 483 1071 544 resolvit.
1085 487 1328 565 Nonnumquam

252 581 339 640 etiarn
358 579 562 640 destillationes
583 579 735 656 fluxusque
755 597 950 650 commovens,
972 575 1153 639 medicorum
1172 578 1329 656 plurimos

251 673 378 754 decipit,
393 672 526 752 cogitque
543 671 608 730 illos
624 672 782 730 contraries
795 690 895 730 causas
903 669 1034 749 judicare
1049 692 1056 726 :
1076 689 1179 728 rursus
1198 671 1327 747 quando

252 785 358 844 corpus
373 763 481 844 grande
492 776 523 823 et
534 762 655 842 pigriori
667 764 742 822 mole
754 761 982 843 superexcedens
993 761 1105 841 pusillae
1121 761 1257 840 exilique
1272 783 1326 820 oo-

252 857 383 935 gitationi
397 856 484 916 animi
499 855 661 935 copulatur,
677 875 766 934 quum
778 856 895 934 geminae
912 855 968 914 sint
980 856 1011 914 in
1025 854 1144 912 homine
1156 855 1324 914 secundum

180 1005 185 1012 .
253 963 385 1010 naturam
397 947 583 1028 cupiditates,
598 967 656 1006 una
671 948 788 1025 quidem
802 967 855 1027 per
866 967 973 1026 corpus
984 947 1210 1018 alimentorum,
1229 948 1324 1006 altera

254 1061 325 1100 uero
340 1063 393 1120 per
407 1041 451 1112 id,
462 1040 543 1119 quod
553 1039 761 1100 divinissimum
770 1040 854 1099 nobis
865 1040 954 1111 inest,
965 1038 1150 1119 prudentiae:
1165 1053 1239 1098 tunc
1252 1059 1324 1097 sane

255 1133 426 1212 potentioris
437 1133 513 1190 illius
527 1131 715 1210 praevalentes
727 1131 897 1210 agitationes
909 1130 990 1209 quod
1007 1149 1091 1190 suum
1102 1143 1148 1189 est
1158 1130 1322 1210 adaugent,

254 1226 333 1304 quod
347 1243 417 1284 vero
431 1225 537 1296 anhni,
554 1223 658 1298 hebes,
674 1222 1005 1293 indocile,obliriosu1n
1018 1221 1162 1296 reddunt,
1175 1238 1264 1302 atque
1280 1224 1322 1282 ita

250 1318 446 1378 infirmitatem
466 1315 634 1387 maximam,
653 1315 789 1375 videlicet
805 1315 994 1396 imperitiam,
1017 1329 1165 1394 generant.
1180 1320 1249 1376 Una
1265 1314 1319 1374 de·
1347 1323 1351 1330 '

253 1429 331 1468 mum
343 1422 386 1468 est
403 1409 441 1468 ad
456 1422 611 1486 utrumqne
625 1407 701 1468 salus
715 1421 745 1467 et
757 1407 954 1478 conservatio,
967 1420 1001 1467 ut
1011 1428 1106 1489 neque
1119 1409 1248 1468 animam
1257 1409 1319 1468 sine

253 1521 394 1580 ¹corpore,
408 1521 502 1580 neque
526 1520 632 1580 corpus
654 1499 764 1578 absque
785 1501 880 1560 anima
902 1519 1088 1572 moveamus,
1109 1515 1143 1559 ut
1166 1501 1200 1558 in
1220 1515 1317 1560 mutua

253 1594 440 1676 contentione
459 1593 616 1671 exequaris
636 1593 760 1652 invicem
779 1591 890 1650 viribus
905 1592 1081 1671 insurgentia
1098 1590 1211 1650 bonam
1233 1595 1317 1652 totins

253 1685 442 1746 valitudinem
464 1699 620 1746 tueantur:
641 1697 821 1764 quapropter
842 1683 1016 1764 quicumque
1034 1683 1249 1746 mathematicis
1263 1684 1316 1741 do-

252 1778 352 1850 ¹ctrinis
375 1797 495 1857 operam
518 1777 586 1848 dat,
606 1789 657 1837 aut
678 1778 769 1836 cuivis
792 1777 894 1836 mentis
919 1774 1095 1854 indagationi
1119 1775 1315 1835 vehementius

252 1869 365 1940 studet,
383 1867 471 1928 debet
491 1867 578 1928 etiam
598 1880 710 1926 motum
730 1869 863 1946 corporis
884 1866 1023 1928 adhibere
1042 1881 1072 1926 et
1090 1867 1122 1926 in
1141 1867 1315 1945 gymnastica

252 1959 457 2022 exercitatione
470 1963 592 2020 versari:
606 1981 640 2018 ac
650 1977 749 2020 rursus
763 1962 813 2039 qni
826 1979 936 2020 summa
946 1979 1053 2038 corpus
1062 1959 1214 2038 diligentia
1225 1961 1314 2020 firmat

253 2065 284 2110 et
300 2051 436 2124 roborat,
460 2051 561 2110 mimae
577 2069 694 2129 quoque
714 2052 839 2112 vicissim
856 2065 951 2113 motus
971 2051 1144 2129 adjungere,
1166 2052 1273 2110 musica
1288 2064 1312 2110 et

251 2142 387 2201 omnibus
407 2143 597 2222 philosophiae
614 2142 717 2202 studiis
735 2163 818 2219 usus,
831 2145 857 2202 si
870 2143 958 2202 modo
972 2143 1037 2221 quis
1045 2143 1113 2220 jure
1126 2141 1223 2202 bonan
1234 2144 1311 2202 simul

252 2246 282 2298 et
293 2233 414 2311 pulcher
427 2235 464 2294 sit
473 2235 671 2314 appellandus.
682 2235 820 2300 Similiter
826 2255 942 2315 qnoque
951 2248 1048 2315 partes
1055 2255 1159 2294 curare
1170 2233 1313 2308 debemus,

253 2325 341 2384 totius
354 2325 480 2402 speciem
493 2329 609 2386 imitati:
624 2348 715 2406 quum
727 2330 803 2388 enim
816 2349 922 2408 corpus
932 2329 969 2388 ab
981 2328 1211 2407 ingredientibus
1223 2329 1311 2389 iureis

252 2419 338 2476 datur
352 2418 429 2476 intus
444 2419 617 2498 frigidumve
631 2422 694 2493 fiat,
709 2435 738 2480 et
753 2422 857 2480 iterum
880 2421 917 2481 ab
942 2421 1069 2480 externis
1089 2421 1205 2482 andum
1224 2421 1309 2482 madi·

254 2504 360 2566 dumve
378 2507 532 2578 reddatur,
548 2523 594 2582 et,
614 2531 678 2589 quse
698 2511 833 2592 deinceps
855 2513 909 2572 ista
924 2527 1100 2592 sequuntur,
1120 2515 1309 2594 perpetiatur,

253 2597 371 2676 quando
390 2601 455 2677 quis
472 2600 563 2659 otium
575 2621 661 2680 agens
676 2621 783 2682 corpus
796 2602 974 2665 motionibus
985 2604 1030 2664 his
1043 2605 1217 2676 committit,
1230 2625 1308 2683 supe

252 2703 347 2749 ratum
361 2691 398 2750 ab
412 2692 457 2751 his
471 2691 653 2754 dissolvitur:
670 2708 700 2752 at
715 2695 739 2752 si
753 2694 818 2773 quis
832 2695 1007 2754 inaurando
1020 2715 1147 2774 corpore
1163 2697 1242 2754 illam
1252 2697 1308 2754 imi-

253 2793 330 2839 tetur
346 2795 488 2854 nnturam‚
497 2805 583 2864 quam
597 2787 726 2846 altricem
737 2788 865 2846 universi
876 2788 1053 2858 vocavimus,
1062 2788 1102 2845 ita
1114 2800 1147 2846 ut
1161 2808 1307 2868 numquam

254 2881 370 2950 torpere
383 2876 545 2952 permittat,
555 2876 606 2935 sed
621 2891 737 2936 moveat
750 2897 878 2958 semper,
899 2878 1019 2959 jug'que
1031 2879 1188 2955 agitatione
1200 2881 1307 2940 internis

253 2964 436 3042 externisque
450 2965 578 3028 motibus
593 2968 750 3027 secundum
763 2983 894 3049 naturam
908 2968 1017 3047 ubique
1032 2971 1163 3044 resistat,
1176 2985 1206 3030 et
1219 2973 1307 3031 mode

253 3067 315 3114 rata
328 3056 452 3134 quadam
465 3059 657 3118 commotione
671 3059 840 3120 oberrantes
852 3063 999 3140 passiones
1011 3062 1143 3138 corporis
1153 3075 1306 3140 partesque,

253 3150 432 3226 cognationis
447 3152 558 3209 ratione
574 3163 699 3224 servata,
716 3153 840 3212 vicissim
855 3154 885 3214 in
907 3151 1039 3212 ordinem
1058 3152 1173 3230 redigat
1187 3167 1217 3213 et
1229 3174 1306 3214 exor-

253 3251 321 3311 net,
340 3240 498 3300 secundum
519 3261 680 3302 sermonem
703 3243 784 3302 illum
803 3245 999 3324 superiorem,
1020 3263 1106 3321 quem
1128 3243 1167 3302 de
1182 3246 1305 3306 universo

253 3327 424 3402 habuimus,
437 3352 621 3411 nequaquam
634 3335 708 3394 sinet
718 3335 865 3394 inimicum
880 3335 996 3395 inimico
1013 3334 1163 3410 admotum
1177 3337 1303 3414 praeliain

252 3436 375 3496 corpore
388 3423 564 3502 morbosque
578 3425 667 3496 ciere,
683 3425 733 3484 sed
747 3427 851 3486 elliciet
865 3429 977 3505 potius,
991 3441 1022 3487 ut
1032 3428 1156 3486 amicum
1168 3428 1303 3488 adherens
1373 3449 1374 3461 ¹

253 3509 346 3566 amico
360 3513 510 3576 sanitatem
523 3521 654 3596 corporis
666 3530 798 3577 tueatur:
823 3519 953 3580 omnium
965 3539 1036 3578 vcro
1047 3534 1179 3580 motuum
1191 3523 1303 3601 optimus

253 3601 302 3661 illc
317 3615 376 3672 est,
390 3604 441 3679 qui
455 3607 484 3662 in
500 3623 590 3667 semet
601 3629 637 3668 ex
651 3631 680 3668 se
695 3611 760 3688 ipso
775 3613 824 3670 fit:
838 3633 904 3670 nam
918 3625 947 3670 et
962 3613 1064 3672 mentis
1082 3627 1111 3670 et
1125 3614 1213 3672 totius
1227 3615 1301 3693 ipsius

253 3693 375 3752 motioni
388 3697 606 3771 cognatissimus
618 3715 675 3760 cst:
690 3703 741 3780 qui
757 3723 826 3762 vero
842 3703 878 3762 ab
894 3705 951 3762 alio
972 3705 1018 3775 fit,
1036 3703 1183 3764 deterior:
1198 3704 1300 3764 deterri-

251 3805 315 3844 mus
331 3798 427 3844 autem
443 3802 551 3864 motus,
563 3793 681 3869 quando
689 3795 789 3871 jacens
802 3809 832 3853 ct
844 3798 970 3874 quietem
982 3814 1068 3874 agens
1082 3816 1190 3876 corpus
1204 3797 1238 3856 ab
1250 3797 1300 3855 aliis

251 3877 407 3936 secuudum
422 3893 519 3957 partes
534 3899 668 3942 movetur
685 3909 691 3942 ι
718 3900 898 3966 quapropter
914 3889 1118 3967 purgationum
1133 3889 1299 3948 constitutio·
1371 3877 1372 3919 t

252 3989 378 4048 numque
394 3973 523 4031 omnium
541 3979 686 4052 corporis,
703 3999 767 4057 quae
779 3981 983 4040 exercitatione
1000 3981 1176 4060 gynrnaatica
1188 3983 1226 4056 lit,
1240 3981 1299 4040 salu-
