2744 4684
230 307 300 392 428
567 311 615 377 Μ.
642 309 679 375 Τ.
707 305 950 376 CICERONIS

168 447 215 500 13²
278 432 402 501 XLIII.
432 435 509 501 lam
531 427 621 500 illud
645 429 878 526 perspicuum
899 437 973 509 cst,
998 420 1167 493 omnibus
1191 419 1237 492 iis
1257 417 1297 488 fi-

230 539 339 612 nibus
362 539 563 629 bonorum,
592 563 685 636 quos
711 539 881 636 exposui,
904 534 1082 606 inalorum
1104 531 1194 603 fines
1219 553 1295 600 esse

230 651 439 722 contrarios.
459 649 513 721 Ad
531 673 595 721 vos
613 673 713 720 nunc
732 645 870 733 resero,
890 669 1000 742 quern
1014 641 1167 740 sequar?
1181 636 1294 710 modo

230 763 378 858 nequis
399 759 489 831 illud
507 775 580 831 tam
602 747 825 830 ineruditum
850 753 1122 850 absurdumque
1141 773 1293 846 respou-

230 869 312 942 deat
328 898 336 940 :
353 868 609 959 «Quemlibet,
629 865 741 940 modo
758 867 914 963 aliquem
926 892 953 933 u.
974 860 1071 934 Nihil
1089 871 1208 958 potest
1226 854 1292 927 dici

230 980 538 1052 inconsideratius.
557 979 675 1078 Cupio
693 980 796 1075 sequi
814 977 955 1048 stoicos.
972 973 1120 1044 Licetne
1139 969 1292 1066 (omitto

230 1114 295 1188 per
319 1091 567 1178 Aristotelem,
596 1113 679 1161 meo
704 1086 839 1184 judicio
864 1087 903 1155 in
925 1079 1157 1183 philosophia
1180 1099 1291 1175 prope

231 1200 474 1298 singularem)
493 1225 559 1300 per
574 1201 695 1300 ipsum
711 1196 933 1270 Antiochum
947 1194 983 1262 ¹?
1000 1195 1065 1290 qui
1086 1185 1290 1288 appellaba·

230 1323 292 1380 tur
307 1309 547 1398 academicus;
566 1323 641 1381 erat
654 1305 821 1406 quidem,
838 1309 867 1376 si
882 1325 1061 1403 perpauca
1073 1299 1290 1378 mutavisset,

230 1419 520 1515 germanissimus
540 1422 710 1491 stoicus².
726 1417 802 1488 Erit
819 1417 929 1514 igitur
946 1437 1004 1486 res
1020 1412 1094 1507 jam
1113 1412 1151 1480 in
1169 1407 1289 1479 discri-

118 1597 126 1628 ,
230 1529 339 1600 mine.
358 1534 449 1602 Nam
468 1544 530 1602 aut
547 1533 680 1602 stoicus
697 1520 960 1600 constituatur³
980 1523 1141 1620 sapiens,
1159 1533 1223 1590 aut
1238 1541 1290 1586 ve·

231 1638 317 1708 teris
333 1638 531 1711 academiae.
549 1643 755 1736 Utrumque
770 1659 848 1708 uon
865 1648 995 1734 potest.
1013 1637 1075 1703 Est
1088 1631 1188 1702 enim
1203 1629 1292 1698 inter

232 1770 294 1818 eos
314 1773 390 1819 non
412 1748 457 1821 de
478 1751 661 1838 terminis,
683 1747 746 1821 sed
768 1745 813 1818 de
835 1761 911 1818 tota
932 1745 1186 1845 possessione⁴
1208 1763 1288 1810 oon·

232 1859 357 1930 tentio.
376 1863 466 1932 Nam
486 1862 602 1932 omnis
617 1861 709 1932 ratio
729 1859 808 1930 vitae
822 1854 1035 1928 defiuitione
1056 1850 1190 1922 summi
1208 1847 1289 1920 boni

232 1968 457 2059 continetur;
485 1969 531 2046 de
555 1993 627 2067 qua
652 1969 717 2066 qui
739 1964 930 2050 dissident,
957 1961 1002 2034 de
1029 1961 1131 2033 omni
1154 1960 1289 2030 ratione

231 2072 334 2145 vitae⁵
362 2075 547 2150 dissident.
579 2083 660 2152 Non
689 2089 807 2175 potest
835 2076 947 2172 igitur
971 2087 1126 2169 uterque
1146 2093 1224 2141 esse
1242 2091 1288 2138 sa·

266 2221 357 2272 xutt.
374 2239 397 2274 t.
411 2225 509 2274 Licetne
521 2223 623 2292 (omitto
629 2240 676 2289 per
687 2223 742 2271 ΑΠ’·
785 2241 827 2280 ant
839 2229 975 2278 simillimus
985 2261 993 2288 ,
1003 2226 1046 2276 aed
1060 2243 1142 2285 verus,
1151 2237 1187 2288 et,
1198 2235 1226 2272 art
1236 2223 1290 2272 dici·

229 2312 297 2350 ποι..
307 2336 315 2351 .
325 2337 332 2350 .
343 2302 489 2370 singularem
497 2307 507 2371 )
515 2321 561 2369 per
569 2304 646 2369 ipsum
655 2301 741 2351 Antio·
785 2321 835 2370 tur,
848 2325 923 2375 purus
933 2318 1007 2373 putus
1023 2307 1129 2355 Stoicus.
1145 2309 1203 2354 Eue
1212 2306 1232 2352 si
1242 2303 1288 2367 quis

231 2379 312 2429 etun.
335 2383 375 2430 Sic
402 2383 494 2432 dudum
519 2384 602 2432 Daris.
629 2393 694 2431 recte
716 2393 742 2430 et
784 2385 1056 2452 vffltadjuugat,quod
1066 2383 1288 2434 altSextusdehor

230 2459 426 2524 lumeni,
439 2473 464 2510 et
478 2464 616 2526 terlptffll·
634 2463 669 2510 Al
682 2463 739 2510 Effl-
783 2467 910 2517 Antiocho
928 2466 978 2514 dici
994 2465 1093 2514 solitum
1107 2480 1122 2511 a
1139 2463 1245 2520 Grada,
1267 2463 1288 2507 iu

230 2537 392 2604 cumulum
405 2552 463 2605 poet
472 2541 558 2588 licetne
569 2540 740 2606 lnltmsslilo·
784 2547 914 2596 Academia
934 2563 989 2596 eum
1013 2547 1092 2593 Stoica
1116 2541 1287 2611 philosophari.

231 2617 269 2665 uis
281 2617 376 2681 signum
394 2619 530 2678 transtulit,
549 2619 643 2668 omittis
655 2635 740 2683 paren·
783 2627 811 2675 Ρ,
824 2631 915 2676 Fara,

231 2695 327 2746 thasos
345 2698 419 2746 notu.
440 2699 502 2760 Qua
523 2709 642 2747 iunctura
665 2715 741 2762 quum
821 2707 847 2754 3.
871 2706 935 2752 Nam
958 2714 1005 2751 arar
1023 2702 1117 2751 notens
1136 2701 1289 2750 conantum:

232 2776 342 2825 coactior
352 2777 397 2835 sit,
406 2785 434 2824 ut
444 2778 501 2824 nris
511 2787 567 2842 apta
575 2775 742 2826 ttilsemanno
784 2781 893 2846 sapiens,
907 2793 952 2831 mn
967 2793 1017 2830 uer.
1030 2782 1112 2832 Aead.
1124 2781 1226 2845 Proprie
1237 2779 1288 2827 scri·

233 2855 385 2918 predium.
393 2857 476 2920 Ipsum
485 2855 581 2915 deinde,
590 2855 659 2920 quod
668 2856 741 2920 vulgo
784 2861 891 2909 bendum
908 2871 959 2908 erat
977 2881 989 2902 ι
1003 2875 1028 2907 n.
1046 2877 1068 2909 u.
1087 2860 1186 2908 Stoicus
1204 2859 1288 2922 rapiens

232 2945 289 2984 ante
297 2935 372 2984 Arist.
382 2935 468 2996 editur,
478 2945 534 2999 post
543 2935 743 2998 Davia.quieum
785 2949 864 2988 const.
885 2949 927 2986 aut
945 2938 1041 3002 sapiens
1059 2947 1107 2985 ret.
1126 2936 1228 2985 Aead.·
1248 2933 1288 2982 Sed

233 3023 338 3076 quatuor
349 3015 411 3074 auia,
429 3013 574 3079 quibuscum
587 3014 743 3062 noetrieon·
785 3017 886 3065 alterum
899 3015 995 3082 sapiens
1006 3015 1076 3064 facile
1085 3015 1239 3080 intelligitur.
1250 3017 1288 3062 De·

234 3092 358 3156 rentium,
377 3091 404 3142 id
416 3094 532 3155 eiecerat,
548 3094 608 3142 mn.
626 3105 743 3156 reponere
786 3095 843 3144 inde
863 3111 914 3142 non
935 3094 996 3142 bene
1020 3095 1106 3143 suadet
1122 3095 1184 3142 Em.
1206 3091 1287 3142 consti·

235 3185 285 3219 non
298 3169 416 3230 debebat,
428 3171 516 3237 utpote
527 3185 557 3220 ex
570 3171 688 3236 proximis
700 3170 740 3218 ad·
786 3185 873 3224 tueteir.
895 3175 959 3222 'l'um
977 3174 1041 3222 enim
1059 3189 1090 3220 ex
1107 3183 1178 3221 certo
1192 3172 1288 3221 auctoris

236 3247 322 3297 ditum.
335 3251 368 3298 ὓ.
383 3277 413 3288 -
427 3251 516 3299 Omitto
526 3267 574 3315 per
582 3250 655 3299 Arist.
666 3249 742 3299 Intel-
785 3270 831 3303 nan
854 3255 926 3303 etiarn
950 3253 1044 3318 poterit
1067 3252 1200 3316 legendum
1228 3251 1287 3299 toret

234 3321 358 3390 liguuon
364 3327 429 3389 dico,
436 3329 524 3378 licetne
531 3329 743 3395 perAristoteleml
785 3335 890 3399 Vulgata
904 3334 1026 3382 verissima
1041 3343 1086 3380 aat.
1099 3335 1132 3382 G.

235 3404 294 3464 aed,
307 3405 396 3454 licetne
404 3423 448 3471 per
456 3408 536 3472 ipsum
545 3407 711 3458 Antiochum?
824 3423 847 3470 4.
865 3413 920 3461 Non
942 3411 973 3460 de
995 3411 1114 3469 tervisinis,
1133 3409 1181 3458 red
1196 3409 1226 3457 de
1244 3419 1288 3456 tota

272 3497 296 3532 a.
312 3482 511 3535 Germanissirnru
523 3487 624 3536 Stoicus.
643 3490 678 3535 lta
693 3487 741 3535 Eri.
782 3493 940 3560 possessione.
953 3493 991 3542 ct
1004 3494 1076 3558 legg.
1091 3493 1118 3551 1,
1133 3489 1288 3550 ²1255256,

236 3563 324 3614 etWr.
336 3563 401 3612 Ante
413 3565 496 3612 Daris.
508 3582 581 3630 prave
592 3565 677 3615 Stoicis
686 3566 743 3616 ede·
786 3573 829 3622 ubi
837 3570 945 3621 eamdem
953 3571 1073 3620 decadem
1082 3586 1108 3618 ro
1117 3567 1288 3618 similimdiuem

235 3643 313 3693 hatur.
327 3643 377 3698 Res
396 3659 440 3708 per
452 3661 477 3693 se
489 3646 540 3710 ipsa
553 3645 639 3712 liquet.
660 3648 693 3697 G.
708 3673 743 3684 —
786 3650 862 3700 vides.
877 3651 909 3698 G.

235 3724 294 3772 Non
301 3737 433 3790 gennanur
440 3723 538 3783 hicest,
557 3727 743 3802 utrirpummot
823 3731 846 3778 5.
865 3731 901 3777 De
916 3728 984 3776 omni
997 3726 1090 3776 ratione
1106 3727 1176 3776 vitoe.
1195 3729 1287 3776 Goraru

235 3799 377 3868 (Budare),
391 3801 449 3850 dum
464 3804 672 3867 praetutianus
686 3807 743 3855 satit
787 3809 829 3859 dut
843 3823 850 3856 t
871 3830 881 3851 ι
895 3808 926 3856 de
945 3809 1011 3858 omni
1025 3809 1081 3855 vitas
1097 3809 1192 3856 ratione
1202 3829 1221 3854 ι.
1239 3805 1287 3860 stc.

235 3881 346 3944 attendit,
352 3883 535 3947 interpretatur,
542 3878 687 3949 &daipelnd
698 3895 741 3945 est,
786 3888 867 3954 inquit
875 3925 883 3951 ,
897 3877 981 3935 o'mnes
994 3885 1079 3950 scripti
1096 3886 1176 3933 nostri
1191 3885 1286 3948 editique

234 3959 331 4019 similia,
345 3961 387 4010 sed
399 3959 506 4030 γνήσιος,
520 3961 744 4023 idest‚rerue‚nt
786 3977 846 4016 vett.
870 3983 932 4031 quos
954 3967 1075 4022 vidimus,
1101 3981 1128 4014 ea
1151 3965 1226 4019 serie.
1247 3977 1286 4025 qua

235 4039 742 4107 titgermanisaimurstoicua,uona'mili1,
787 4045 1208 4111 edidimus5eaquererissimamam
1217 4041 1286 4107 paulin
