2762 4682
312 369 910 442 PNALENTlAE'AcADEMch.
1106 369 1151 467 87

83 491 206 580 scriptis
221 490 416 580 reliquerat,
429 491 623 556 sententiam
642 493 767 580 scriptis
786 489 952 556 mandevit
974 507 1007 558 et
1028 491 1156 560 docuit·

82 597 283 662 (hrissimus
309 619 406 678 vero,
432 597 517 664 inter
548 598 741 666 Clitomachi
772 597 961 682 familiares,
986 597 1082 664 Philo
1106 599 1153 686 (ι)

80 701 212 790 quidam
229 703 294 766 fuit
315 703 511 768 Inrissaeus:
532 703 595 768 hoo
618 704 707 779 enim
730 719 950 795 cognomento
974 703 1062 794 apud
1081 703 1156 772 Sto·

81 809 186 874 heum
204 807 254 896 (α)
280 809 551 898 cognominatum
578 811 706 899 reperi,
727 808 816 900 apud
840 833 939 898 quem
965 827 998 876 et
1024 811 1154 876 moralis

81 915 302 1004 Philosophiae
332 917 491 1006 exquisito
519 916 650 1005 pertitio
682 937 721 987 cx
749 916 887 984 Philone
915 918 978 984 hoc
1005 917 1155 984 refertur.

80 1020 194 1102 Quum
212 1037 328 1100 autem
338 1021 447 1111 plures
459 1021 575 1100 eodem
596 1023 731 1088 nomine
748 1023 846 1096 urbes
869 1022 1012 1106 luerint,
1035 1045 1074 1088 ex
1090 1045 1154 1111 qun

80 1127 203 1192 larissa
218 1129 281 1209 sit,
297 1127 448 1194 nondum
462 1143 669 1217 compertum
688 1129 805 1194 habeo.
828 1130 935 1217 Atque
953 1129 1065 1195 omnia
1081 1128 1156 1216 qui·

82 1231 216 1298 demde
231 1233 375 1300 Philone
390 1235 455 1302 hoc
471 1235 507 1300 in
524 1235 666 1302 obscuro
684 1253 763 1303 sunt
782 1259 790 1300 τ
807 1236 972 1304 nonenim
990 1249 1066 1325 post
1080 1235 1155 1300 sotis

82 1338 523 1431 diligentem-indagationem
540 1365 612 1430 que
629 1343 771 1432 qualisve
787 1343 889 1432 ipsius
907 1341 1067 1411 sententio
1081 1341 1154 1406 fue·

81 1446 138 1526 rit,
154 1463 186 1510 et
197 1447 233 1510 in
249 1446 456 1512 Academiam
465 1448 598 1516 inducta
609 1449 740 1516 novatio
754 1451 917 1539 (namque
929 1469 1064 1516 novasse
1078 1469 1154 1512 eum

81 1553 246 1640 plerique,
272 1575 341 1618 non
370 1553 505 1641 quidem
535 1556 597 1645 ipsi
619 1555 805 1630 Academici
831 1553 1051 1644 scripserunt)
1079 1553 1154 1620 satis

81 1681 214 1745 possum
229 1659 434 1726 subodorari.
450 1664 498 1728 Ac
515 1663 608 1728 initio
625 1663 733 1728 statim
753 1663 851 1742 hujus
864 1661 1025 1742 historiae,
1043 1660 1155 1748 praeoi·

81 1785 183 1852 puum
201 1765 287 1830 mihi
302 1767 448 1835 laborem
463 1768 504 1834 de
524 1769 663 1845 Philone
684 1769 834 1839 futurum
861 1765 1005 1856 predixi.
1030 1765 1153 1836 Verum
1285 1819 1289 1827 .

82 1869 288 1962 despondere
318 1874 467 1948 animum,
493 1875 628 1941 minime
659 1889 812 1964 oportet,
838 1871 897 1938 sed
930 1873 1037 1938 omnis
1073 1871 1154 1960 lnpis

82 1977 280 2060 movendus,
297 1996 336 2044 ut
351 1979 452 2068 ipsius
464 1981 678 2062 sententiam,
696 1978 809 2049 sifieri
821 1979 940 2068 possit,
956 1998 1119 2043 eruemus.

124 2083 177 2148 65.
204 2083 354 2150 Primum
371 2082 542 2175 descivisse
558 2085 650 2150 illum
666 2108 685 2149 a
700 2080 873 2158 Carneadis
895 2081 1155 2172 Clitomachique

84 2190 256 2271 sententia,
271 2213 369 2278 quam
382 2191 561 2280 aliquando
581 2207 746 2274 tenuerat,
768 2189 869 2279 ipsius
887 2188 1019 2256 auditor
1039 2189 1155 2255 Antio·
1220 2207 1223 2216 ·

84 2293 160 2360 chus
171 2295 263 2384 apud
280 2297 470 2374 Ciceronem
480 2297 531 2385 (3)
537 2313 692 2380 testatum
705 2295 762 2366 ¹cui
776 2313 809 2362 et
819 2295 908 2384 opud
921 2293 1100 2360 Eusebium
1107 2293 1155 2384 (4)

85 2399 263 2464 Numenius
278 2415 447 2466 attestamur
459 2425 467 2466 ε
480 2432 493 2459 ι
508 2401 761 2490 Philocrgohio
774 2423 881 2489 nuper
891 2398 1024 2488 quidem
1036 2399 1156 2466 schole

84 2507 286 2572 successione
299 2503 341 2570 ad
358 2529 435 2570 eum
451 2506 572 2590 delata,
595 2506 704 2574 lotitia
717 2489 886 2594 perculsus
903 2521 937 2572 et
949 2503 1091 2595 gestiens
1108 2505 1157 2572 ef·

84 2610 262 2694 ferebatur,
277 2611 460 2700 gratiasque
472 2611 513 2677 de
526 2613 589 2676 hoc
605 2610 760 2692 reddens,
779 2627 812 2675 et
822 2609 1014 2674 Clitomachi
1026 2607 1154 2676 decreta

85 2715 234 2782 tuebatur
250 2733 284 2782 et
303 2717 458 2801 ornabat,
477 2734 515 2796 ,et
534 2741 603 2784 sese
630 2717 784 2782 adversus
806 2715 933 2782 Stoicos
951 2714 1072 2780 lucenti
1091 2735 1153 2778 tere
1190 2744 1195 2752 ·

85 2822 258 2888 amabat».
286 2821 350 2888 Sed
376 2821 577 2892 deferbuisse
592 2822 640 2912 (5)
660 2845 736 2891 eum
755 2837 867 2912 postea
884 2819 1071 2888 Numenius
1089 2819 1153 2901 ait,

87 2929 190 3002 necin
211 2927 329 2994 eodem
347 2950 447 2996 sensu
462 2930 686 3018 permansisse.
708 2927 826 2997 Seruis
841 2925 887 3016 (6)
903 2926 1048 2996 Philonis
1073 2925 1154 2990 Aco-
1181 3015 1184 3020 y

88 3032 241 3118 dentiam,
257 3051 407 3124 quartam
424 3036 655 3126 equibusdam
671 3051 817 3124 vocatam
836 3034 995 3123 seriptum
1013 3031 1155 3120 reliquit.

88 3137 241 3206 Eusebius
252 3139 301 3230 (7)
310 3141 565 3222 etiemeilonis
576 3158 610 3208 et
622 3140 803 3216 Charmide
819 3137 1041 3220 Academiam,
1055 3159 1154 3226 quar·

89 3257 148 3308 tum
158 3262 320 3312 numerat.
336 3247 485 3337 Denique
496 3271 583 3314 nora
598 3246 746 3338 quedam
769 3243 986 3313 commovisse
1010 3241 1102 3331 quod
1116 3263 1153 3306 es

118 3489 156 3558 (r)
169 3492 202 3540 D.
209 3491 314 3541 Hieron.
323 3491 440 3540 turm
448 3491 574 3542 lorium.
585 3491 628 3540 lib.
639 3493 669 3551 1,
683 3493 795 3549 mlv,
810 3505 839 3554 p.
849 3489 912 3550 rso,
929 3487 1057 3539 etum
1069 3485 1153 3537 nescio

89 3579 310 3642 qun-,cumaeo
319 3579 476 3646 mugitum,
490 3581 562 3632 diclt.
572 3583 690 3630 err.

119 3665 155 3732 (a)
171 3667 257 3734 Eclog.
270 3668 349 3718 Ethlc.
364 3683 420 3734 pag.
431 3671 492 3730 roo,
506 3669 551 3718 lin.
565 3683 595 3717 rr
610 3679 700 3734 etseq.

120 3751 155 3819 (l)
171 3757 200 3802 ln
210 3752 327 3814 Lucullo,
341 3770 395 3820 cap.
404 3765 429 3812 t.

121 3841 156 3906 (t)
171 3843 250 3906 rap.
263 3841 358 3922 Erus·
372 3841 418 3892 li¹³·
432 3843 502 3904 m,
520 3857 578 3908 ru·
596 3843 662 3906 ⁷³9,
682 3842 711 3902 b,
726 3857 780 3908 or·
793 3857 820 3906 o·
1037 3887 1040 3896 .

121 3925 157 3993 (5)
171 3929 283 3978 Velsntis
294 3939 319 3978 et
329 3929 463 3980 Durandus
475 3927 630 3996 efferbuisse,
644 3931 687 3978 red
698 3929 762 3978 mole
768 3966 776 3993 ,
788 3939 815 3978 ut
827 3928 900 3980 nobis
910 3927 1017 3979 videtur.

122 4014 159 4082 (ὅ)
175 4017 305 4082 lippotyp.
317 4016 361 4064 lib.
376 4019 400 4076 1,
416 4034 470 4082 cup.
481 4019 531 4078 3³,
544 4027 678 4080 recturo,
692 4033 746 4082 pag.
756 4017 799 4066 56.

123 4100 158 4167 (7)
174 4105 353 4170 PraepAEvnng.
362 4103 405 4154 lib.
416 4107 489 4182 m,
502 4121 555 4174 esp.
566 4115 581 4166 4
591 4140 598 4167 ,
610 4119 665 4174 paq.
678 4103 744 4170 726,
758 4105 782 4154 d.
