2784 4662
325 327 571 398 ACADEMIC.
594 330 624 416 1,
648 329 781 400 LIBER
805 329 855 414 11,
874 329 931 412 da.
1089 321 1159 411 lra'd

94 460 184 534 test,
199 450 264 544 qui
279 461 415 520 ceteras
426 473 484 520 rea
497 448 626 522 eodem
641 449 770 538 modo,
786 474 861 547 quo
874 447 1161 546 magnitudinem

93 555 202 644 solis,
226 556 423 654 approbat,
445 558 475 630 is
498 583 557 632 eas
583 585 640 632 res
663 585 738 632 non
759 563 921 658 percipit.
949 559 1161 656 Magnitudo

93 679 215 738 autem
231 665 317 741 solis
331 666 467 766 percipi
480 692 554 740 non
567 683 696 766 potest.
710 669 782 759 Qui
798 669 907 766 igitur
915 678 948 714 ²⁰
964 667 1160 767 approbat,

92 776 199 871 quasi
216 778 407 875 percipiat,
433 778 570 850 nullam
592 803 668 850 rem
688 779 852 878 percipit.
873 775 1161 874 Responderiut,

94 907 202 980 posse
218 887 376 983 percipi,
394 903 552 984 quantus
565 887 620 963 sol
636 891 691 960 sit.
712 894 796 962 Non
809 886 1040 986 repugnabo,
1056 885 1161 956 ‹lum-

93 991 207 1064 modo
232 995 361 1068 eodem
390 1011 496 1094 pacto
522 1011 641 1074 cetera
664 999 800 1098 percipi
829 993 1161 1095 comprehendique

92 1103 271 1176 dicuut²¹.
290 1109 367 1178 Nec
385 1109 481 1178 enim
502 1122 655 1206 possunt
673 1109 815 1196 dicere,
833 1106 931 1179 aliud
948 1106 1018 1180 alio
1034 1107 1160 1204 magis,

93 1215 260 1287 minusve
278 1217 558 1315 comprehendi;
577 1222 750 1317 quoniam
766 1222 930 1291 omnium
948 1240 1071 1287 rerum
1087 1239 1161 1287 una

91 1337 148 1394 est
167 1321 331 1396 definitio
349 1328 682 1424 comprehendendi
692 1339 736 1398 ²².

130 1438 252 1512 XLII.
275 1435 362 1522 Sed,
385 1437 485 1534 quod
504 1448 706 1537 coeperam¹
724 1465 732 1508 :
752 1437 839 1535 quid
858 1433 1032 1508 habemus
1049 1437 1088 1506 in
1105 1458 1159 1506 re·
1176 1464 1226 1517 129

90 1543 162 1614 bus
190 1543 298 1616 bonis
329 1561 366 1616 et
397 1547 498 1620 malis
521 1548 696 1648 explorati
726 1550 882 1646 (nempe
909 1545 1000 1616 fines
1025 1546 1159 1616 consti-

90 1651 222 1726 tuendi
239 1669 346 1742 sunt,
363 1651 407 1728 ad
423 1683 516 1755 quos
531 1674 567 1731 et
579 1658 762 1731 bonorum
778 1659 1005 1730 etmalorum
1020 1679 1161 1727 summa

89 1761 317 1860 referatur)?
337 1790 410 1863 qua
434 1767 480 1838 de
503 1793 543 1840 re
566 1783 621 1840 est
642 1770 752 1868 igitur
771 1770 867 1839 inter
884 1789 1045 1838 summos
1063 1766 1160 1835 viros

89 1874 205 1970 major
226 1873 431 1948 dissensio?
450 1881 496 1949 Et
519 1880 649 1951 omitto
671 1878 751 1969 illa,
771 1901 853 1976 qnae
871 1877 994 1949 relicta
1010 1876 1084 1972 jam
1105 1876 1158 1944 vi-

89 1982 243 2071 dentur,
270 2000 306 2058 et
334 1985 549 2074 Herilluma,
576 1992 639 2087 qui
663 1989 701 2060 in
725 1988 930 2086 cognitione
954 2001 990 2058 et
1011 1986 1159 2058 scientia

124 2161 170 2195 ao.
189 2146 239 2212 Qui
250 2147 325 2216 igitur
338 2149 465 2216 approbat.
484 2151 602 2204 Goerene:
647 2166 689 2201 mu
702 2152 785 2216 potina
800 2167 831 2199 ex
849 2148 1011 2214 genitivorum
1024 2147 1159 2214 duplicium

88 2243 114 2289 q.
126 2223 144 2272 ι’.
157 2225 186 2274 id
195 2227 321 2292 approbat.
336 2227 369 2276 Id
375 2263 383 2290 ‚
398 2229 477 2294 iuquit
486 2233 603 2290 Gcerenm
646 2245 714 2279 auore
725 2230 855 2297 explicatio
868 2229 973 2295 petenda
986 2239 1045 2278 erat.
1060 2229 1100 2276 Sic
1111 2229 1158 2292 igt-

87 2303 178 2366 adjeeit
202 2305 286 2354 Daris.
309 2323 341 2356 ex
366 2309 381 2356 5
408 2311 475 2370 rnia;
500 2309 603 2358 totidem
647 2319 687 2358 tur
709 2321 834 2358 eamtruee
857 2323 864 2360 ε
887 2330 901 2351 ι
915 2319 952 2356 est
974 2305 1085 2356 definitio
1110 2321 1159 2356 uua

87 2383 195 2444 nutrit,
220 2385 361 2451 editisque,
390 2405 453 2452 quoa
479 2387 598 2446 vidimus,
645 2388 755 2437 omnium
763 2386 1158 2454 rerum,comprebendeudieaa·.

86 2462 202 2511 omnibus
211 2463 423 2530 adstipulantibus.
432 2467 528 2516 Delerit
537 2466 601 2514 idem
645 2467 736 2515 Similia
767 2478 900 2516 occurrunt
925 2465 1034 2532 Philipp.
1059 2466 1098 2523 V,
1128 2465 1157 2524 3,

86 2541 169 2590 deuno
182 2543 241 2590 Ern.
257 2543 331 2592 Haud
347 2544 418 2596 bene.
438 2547 501 2594 Nam
516 2555 602 2594 auctor
645 2549 677 2608 ὃς
697 2551 793 2597 invent.
810 2549 852 2602 il.
876 2543 901 2597 5.
922 2545 1002 2593 Facile
1022 2543 1081 2594 iude
1102 2559 1156 2590 eer-

85 2619 181 2678 hacid,
192 2621 224 2669 ad
230 2622 327 2686 plenam
333 2625 475 2673 sententiam
486 2624 601 2682 relatum,
643 2627 719 2687 nitur,
728 2627 765 2675 bie
775 2626 840 2674 idem
850 2624 922 2692 plane
932 2623 994 2683 dici,
1004 2621 1072 2687 qnod
1082 2621 1157 2678 valet,

84 2700 219 2748 innumeris
228 2699 289 2749 locis
298 2703 381 2766 ponit,
393 2703 498 2752 maxime
507 2703 600 2750 veroin
644 2727 656 2748 a
663 2706 772 2754 omnium
781 2719 858 2752 rernm
866 2697 1156 2766 comprehendendarum,

84 2778 263 2843 assumptione,
280 2780 437 2830 sollicitatum
450 2799 464 2831 a
476 2781 562 2831 acribia
575 2792 601 2830 et
643 2795 690 2834 ete.
699 2806 713 2828 ι
725 2783 751 2832 id
761 2794 811 2842 est,
821 2803 833 2824 a
843 2783 870 2829 in
880 2781 988 2830 omniurn
999 2794 1078 2826 rerum
1089 2793 1156 2824 corn·

85 2859 361 2924 W.DD.aoepieaime.
642 2861 802 2928 prebensioue
827 2861 910 2910 eadem
937 2854 1069 2907 definiendi
1093 2855 1156 2903 ratio

120 2951 164 2985 ar.
174 2937 323 2986 Dummodo.
334 2973 341 2986 .
352 2974 358 2988 .
370 2937 463 2988 dt'aaat.
473 2942 523 2989 lut.
533 2939 599 2988 dum·
643 2941 739 2990 obtinet
746 2962 768 2988 ο.
781 2944 814 2992 G.
827 2967 862 2977 -
875 2939 947 2988 lutei.
961 2935 1070 2987 definitio
1084 2950 1155 2982 corn·

85 3015 159 3064 modo
183 3015 322 3066 concedant
347 3030 427 3068 cetera
452 3034 503 3067 uon
530 3019 599 3067 aliter
641 3021 810 3088 prebemionie
823 3029 860 3066 eat
871 3033 967 3082 semper
977 3013 1111 3074 eadem,et
1124 3013 1156 3062 ad

84 3095 191 3160 percipi,
199 3093 226 3142 id
235 3107 284 3155 eet,
292 3097 384 3146 nuliam
391 3097 462 3146 nobis
472 3097 599 3146 clariorem
642 3115 726 3148 omnes
737 3115 774 3148 res
783 3097 900 3162 applicari
912 3095 993 3144 debet.
1004 3095 1037 3142 tt.

86 3174 268 3240 perceptionem
279 3176 382 3240 offerre3
395 3177 461 3226 aude
472 3177 601 3226 concludit
678 3180 755 3228 xL11.
775 3193 796 3226 r.
811 3175 860 3224 Sed
865 3213 872 3237 ,
891 3173 972 3240 quod,
988 3184 1034 3222 etc.
1051 3171 1155 3220 Goerena

86 3253 173 3302 Cicero
183 3256 264 3304 omnia
276 3257 367 3306 ineerta
376 3273 442 3318 esse,
453 3257 510 3321 quia
519 3258 553 3304 nii
562 3258 600 3305 in·
643 3257 794 3321 iuterpuugit
810 3271 817 3306 :
838 3279 850 3298 α
860 3254 903 3302 sed
925 3253 992 3320 qnod
1017 3265 1154 3316 creperum:

84 3334 383 3399 certummagiseet,qnam
388 3335 599 3399 eoliamaguitudo.
644 3336 716 3402 quid.
726 3367 750 3384 -.
765 3334 886 3401 explorati
895 3335 906 3382 i
915 3331 1025 3400 (nempe.
1036 3368 1042 3380 .
1054 3332 1155 3379 nesera-

121 3427 165 3461 aa.
187 3413 311 3476 Qtaant'am
328 3415 436 3464 nennium
453 3431 531 3463 rernm
550 3431 600 3463 uua
644 3427 712 3466 tur:.
723 3449 730 3464 .
741 3414 820 3482 .)qua
835 3413 865 3462 de
879 3429 930 3464 τος..
945 3413 1102 3462 dissensioi»

11 3551 18 3560 Ι
85 3500 122 3537 est
140 3489 248 3558 dfiuitr'a
271 3493 498 3558 comprehendendi.
523 3497 598 3544 Recte
680 3511 703 3546 a.
722 3496 756 3543 tta
774 3493 902 3544 Hetilinm.
921 3493 1004 3541 Daris.
1023 3489 1108 3540 suadet
1130 3500 1157 3537 ut

85 3567 146 3616 baua
165 3581 313 3620 anucturam
335 3572 452 3638 exemplis
471 3571 599 3622 firmarunt
642 3574 785 3624 Herilittm:
808 3573 851 3622 aed
875 3574 962 3621 frustra
981 3590 988 3620 ε
1007 3587 1063 3620 narn
1083 3569 1156 3632 hujus

85 3649 111 3696 P.
129 3649 188 3698 Fab.
207 3661 233 3698 et
244 3651 329 3699 Daris.
342 3651 436 3701 madet
452 3654 523 3700 etiam
539 3653 596 3702 liro.
642 3652 829 3702 constructionis
840 3651 916 3701 multa
925 3663 984 3700 sunt
992 3648 1111 3716 exempla.
1124 3647 1155 3695 G.

85 3727 206 3780 Drabenb.
218 3728 250 3776 ad
260 3729 314 3779 Liv.
327 3739 371 3789 aa,
383 3731 424 3779 2³.
435 3731 505 3780 Adde
516 3731 599 3780 Sebel-
642 3759 678 3770 ·-
687 3732 774 3781 Herilli
782 3735 924 3782 sententiam
935 3731 1059 3798 explosam
1071 3729 1155 3784 sniase,

84 3805 126 3855 ier.
136 3806 207 3857 Obea.
216 3823 242 3873 p.
254 3807 312 3864 131..
320 3809 368 3857 Sed
379 3809 463 3874 paullo
472 3809 598 3859 obscurius
643 3812 695 3862 Cic.
709 3809 761 3875 (de
772 3811 824 3860 Oil.
836 3813 862 3870 I,
879 3827 907 3870 ²3
919 3811 949 3860 de
959 3811 1040 3860 Finib.
1050 3808 1087 3866 tt,
1106 3805 1135 3856 13
1145 3818 1154 3866 ς

84 3883 208 3936 latinitatis
218 3888 338 3936 radonem
346 3889 405 3937 Era.
414 3889 533 3954 explicat:
544 3905 599 3938 nam
643 3893 693 3950 111,
707 3891 739 3950 33
754 3892 798 3951 IV,
812 3899 855 3948 ¹43
867 3893 900 3950 V,
917 3892 949 3954 ὃς
967 3889 997 3937 de
1009 3890 1079 3950 legg·
1095 3883 1113 3931 l·
1129 3885 1153 3940 l,

84 3967 386 4027 genittomniamrerum
397 3970 600 4034 nonagerundio
647 3971 693 4028 13,
713 3965 762 4032 at)
787 3985 852 4035 eaepe
872 3969 949 4026 dixit,
967 3967 1024 4016 virle
1039 3962 1156 4010 Garvlum

83 4033 306 4113 comprehendendi
313 4047 420 4115 pendere
429 4061 540 4116 possunt.
551 4051 600 4098 iru-
645 4049 693 4098 rol.
706 4053 733 4116 t,
746 4065 773 4114 p.
786 4050 819 4112 6,
833 4047 890 4097 edit.
904 4047 1001 4096 Vrutisi.
1016 4045 1045 4092 ad
1060 4041 1112 4090 cic.
1126 4041 1155 4089 dt
