2786 4674
518 375 711 446 elneus.
1062 325 1136 476 '591

74 499 210 562 menbra
223 501 439 570 annexuerunt,
454 495 560 575 quibus
575 497 660 558 indie
669 495 766 556 dirim
775 495 960 573 providentie
968 513 1144 574 moveretur,

74 589 316 674 apprehenderet
328 589 465 650 videlicet
484 589 597 668 objecta
612 607 753 668 quaeque,
764 600 853 648 steret
865 601 895 648 et
908 589 1022 652 sisteret
1033 613 1146 672 perque

76 682 177 744 omnia
190 682 371 761 graderetur,
383 696 472 762 caput
484 697 608 762 superne
619 681 789 742 substructis
803 679 973 744 divinissimi
988 687 1147 748 sanstissi—

76 779 178 854 mique
191 773 389 834 babitaculum
401 797 407 832 ι
420 774 494 832 hanc
506 775 596 854 igitur
608 774 648 833 ob
663 795 778 834 causam
791 775 875 835 nobis
888 797 971 836 crura
988 798 1147 859 manusque

77 869 209 928 dedere:
224 867 383 926 anteriores
399 881 495 926 autem
510 879 606 946 partes
620 865 830 947 posterioribus
843 873 1054 948 praestantiores
1068 873 1146 932 etad

76 959 286 1040 imperandum
299 961 427 1038 aptiores
442 958 574 1019 arbitrati
585 1003 593 1029 ,
605 958 636 1016 in
646 961 820 1018 anteriorem
834 977 951 1039 quoque
959 973 1070 1040 partem
1081 979 1147 1022 mo·

78 1055 142 1114 reri
158 1071 213 1114 noc
227 1065 262 1112 nt
277 1053 434 1131 plurimum
446 1053 621 1112 vomerent:
636 1051 792 1130 oportebat
813 1069 903 1131 perro
925 1055 1069 1114 antermra
1084 1053 1147 1114 dis—

77 1157 160 1204 creta
174 1157 205 1202 et
220 1142 368 1216 dissinrilia
381 1163 459 1202 esse:
479 1155 660 1222 quapropter
677 1144 803 1220 primum
821 1143 910 1222 globo
927 1146 1029 1226 capitis
1045 1147 1148 1208 fatiem

79 1236 229 1316 adjecere,
248 1235 388 1312 facieique
405 1235 611 1305 instrumenta,
622 1255 687 1314 quae
700 1233 975 1298 adminicularentur
990 1242 1069 1300 omni
1085 1242 1148 1302 sni-

79 1348 136 1386 mae
152 1321 359 1405 providentie,
372 1327 605 1406 assignaverunt,
619 1326 866 1408 decreveruntque
879 1329 1011 1390 naturale
1024 1331 1149 1394 bominis

79 1417 239 1499 imperinm
253 1420 283 1477 iu
295 1419 350 1478 bac
363 1434 446 1498 parte
461 1419 598 1478 anteriori
614 1419 765 1498 priorique
780 1421 954 1480 consistere:
967 1421 1017 1481 sed
1030 1444 1067 1482 ex
1082 1444 1149 1484 om-

79 1511 170 1571 ribos
185 1511 268 1570 imici
280 1510 412 1590 partibus
426 1511 513 1590 primi
523 1511 637 1570 luciferi
651 1511 803 1570 oculorum
814 1509 902 1571 orbes
913 1527 1081 1588 coruscant,
1094 1513 1148 1574 hac

81 1601 120 1664 de
134 1621 222 1666 eausa
234 1603 294 1664 dati
305 1626 312 1660 :
325 1604 399 1682 iguis
414 1617 493 1662 certo
508 1599 606 1674 illins,
622 1603 673 1681 qui
683 1619 742 1660 non
755 1602 960 1681 uritqnidem,
975 1605 1025 1664 sed
1042 1605 1150 1666 illumi-

81 1695 184 1756 nando
207 1697 336 1756 suauiter
353 1695 429 1754 diem
450 1696 562 1756 mrelrit
575 1695 705 1764 mundo,
724 1694 879 1773 participes
895 1697 1047 1756 oculorum
1062 1697 1150 1757 orbes

82 1789 133 1847 Dii
145 1789 296 1848 fecerunt:
313 1789 446 1848 intinmm
459 1787 601 1866 siquidem
611 1788 703 1846 nostri
717 1787 849 1865 corporis
862 1787 1150 1866 ipuem,hujusiguis

82 1898 253 1955 germanum
264 1880 480 1957 uncerumque,
492 1898 546 1956 pet·
556 1879 655 1938 oculos
669 1897 804 1938 emanare
817 1879 990 1952 volucrunt,
1002 1879 1032 1938 in
1044 1881 1151 1958 quibus

83 1969 156 2028 lenis
167 1982 377 2048 congestasque
389 1969 500 2048 ubique
509 1971 583 2048 iguis
594 1967 759 2047 hujusmodi
770 1967 817 2039 sit,
828 1970 878 2028 sed
893 1991 946 2050 per
956 1991 1057 2030 eorum
1067 1973 1152 2032 dum·

83 2075 165 2121 taxat
189 2063 357 2122 solidiorem
378 2075 583 2140 angustamque
604 2059 786 2120 medietatem
810 2063 884 2139 ignis
912 2064 1015 2141 purior
1038 2065 1150 2139 evolet,

83 2156 210 2216 credor
222 2175 295 2214 vero
304 2157 494 2216 cohibeatur:
508 2156 607 2233 itaque
619 2171 709 2232 quum
721 2153 860 2212 diurnum
870 2155 965 2214 lumen
981 2156 1109 2237 applicat
1121 2178 1152 2217 se

83 2249 167 2308 visus
177 2247 279 2321 radio,
293 2261 362 2308 tunc
374 2269 408 2310 ea
425 2249 488 2308 duc
499 2248 575 2308 ieter
588 2267 621 2308 se
633 2247 738 2307 sinrilia
752 2253 953 2307 concurrentia
971 2263 1152 2329 etquenam·

84 2341 194 2414 mixta,
208 2358 267 2420 quo
283 2341 438 2402 oculorum
449 2341 525 2401 acies
538 2337 713 2420 diriguntur,
727 2339 769 2400 ibi
782 2341 813 2400 in
826 2341 912 2404 unius
922 2342 985 2422 jem
1002 2343 1153 2406 domestici

84 2433 219 2512 corporis
231 2433 377 2492 cohaerent
393 2434 535 2512 speciem,
549 2431 725 2512 ubicumque
739 2431 875 2494 videlicet
888 2447 945 2494 tam
960 2436 1055 2496 intimi
1066 2455 1153 2516 quam

84 2525 198 2583 externi
211 2523 326 2583 luminis
338 2525 370 2582 fit
381 2543 538 2584 concursus
550 2547 557 2581 ε
570 2539 664 2584 totum
677 2525 765 2604 igitur
778 2526 835 2585 boc
850 2542 971 2610 propter
988 2529 1155 2590 sitnilitudi-

83 2633 155 2678 nem
162 2615 325 2694 passionem
331 2617 462 2676 eamdem
471 2618 616 2689 sortitum,
624 2635 714 2695 quum
723 2616 793 2694 qnid
808 2618 888 2680 eliud
896 2611 994 2698 tangit,
1002 2621 1048 2678 vel
1059 2622 1154 2702 ipsum

85 2709 124 2767 ab
138 2709 196 2768 alia
209 2710 346 2788 tangitur,
361 2722 472 2768 motum
487 2708 653 2786 hujusmodi
673 2709 710 2766 nd
725 2724 832 2786 corpus
847 2727 933 2768 omne
943 2727 1055 2789 perque
1069 2709 1099 2769 id
1118 2709 1155 2770 ad

85 2802 218 2860 animm
231 2821 322 2880 usqne
338 2801 522 2870 diffundens,
544 2817 660 2860 sensam
680 2801 784 2873 efficit,
805 2803 856 2879 qui
872 2804 953 2862 visus
965 2815 1111 2862 vocatur:
1126 2815 1156 2863 at

85 2907 242 2973 postquam
256 2896 286 2954 in
300 2905 413 2956 noctem
427 2894 594 2954 dbcessent·
602 2907 740 2970 cogmtus
753 2893 836 2970 ignis,
846 2894 963 2954 visionis
977 2894 1078 2956 radius
1089 2915 1157 2955 era-

86 2986 199 3044 nescit:
214 3007 280 3045 nam
296 2987 324 3045 in
339 3007 435 3046 aerem
450 2986 506 3046 sibi
521 2986 686 3048 dissimilem
703 3006 857 3065 erumpens
872 3000 1053 3066 permutatur
1068 3003 1157 3067 atque

86 3077 288 3158 exstinguitur,
301 3099 391 3158 quum
404 3079 512 3138 nudam
526 3077 631 3138 babeat
644 3099 710 3138 cum
726 3079 863 3158 proximo
877 3099 953 3152 aere,
968 3093 1070 3160 utpote
1083 3083 1156 3162 ignis

85 3170 244 3251 splendore
258 3185 385 3243 carente,
400 3185 509 3231 naturae
526 3165 773 3231 communionem:
792 3169 903 3230 idcirco
920 3165 1020 3230 videre
1034 3171 1155 3246 desinit,

86 3281 281 3340 souinnmqne
296 3265 408 3324 inducit
420 3287 426 3321 :
438 3265 545 3323 etenim
556 3259 672 3322 salubre
683 3261 890 3342 palpebrarum
901 3277 1013 3342 tegmen
1022 3263 1072 3324 Dii
1082 3285 1155 3324 ocu-

87 3355 124 3414 lis
138 3357 295 3416 machinati
305 3370 390 3429 sunt,
404 3355 510 3434 quibus
521 3355 655 3416 obductis
664 3357 771 3415 visilia
782 3357 855 3436 ignis
865 3357 958 3416 intimi
972 3359 1156 3417 conniventia

88 3449 222 3526 aprinis
242 3463 413 3521 commane,
430 3469 652 3528 compressaque
672 3450 828 3508 interiores
841 3461 936 3508 mottts
958 3447 1109 3527 pericndit
1127 3462 1158 3510 et

88 3542 221 3600 mulcet:
234 3540 343 3620 quibus
355 3542 488 3600 relaxetis
504 3555 590 3620 atque
604 3541 721 3600 mollitis
734 3540 815 3620 quies
832 3538 943 3596 oritur:
958 3539 982 3596 si
994 3540 1157 3620 profundus

88 3633 128 3691 ob
141 3631 261 3693 multam
275 3635 401 3712 quietem
416 3647 548 3693 motuum
563 3651 616 3692 nos
630 3647 755 3711 occupat
768 3649 869 3710 sopor,
881 3631 983 3708 exigua
998 3647 1158 3710 sequuntur

90 3725 231 3783 insomnia
241 3749 248 3783 :
260 3725 303 3785 sin
315 3725 546 3785 vehementiores
555 3725 644 3804 aliqui
657 3737 752 3784 motus
763 3723 846 3802 quasi
857 3723 1019 3800 uigiliarum
1030 3725 1158 3802 reliquiar

90 3815 184 3876 relicti
205 3817 282 3890 sint,
300 3819 399 3896 quales
416 3818 533 3897 quidem
554 3830 584 3878 et
610 3816 744 3895 qualibus
758 3836 795 3874 ex
815 3815 886 3876 locis
904 3815 1014 3876 haustae
1030 3817 1160 3894 reliquiar

91 3923 174 3980 sunt,
196 3911 265 3970 talin
286 3912 465 3972 somniorum
479 3911 818 3982 commimscuntur,
833 3927 993 3987 eorumque
1008 3907 1092 3968 nobis
1107 3929 1158 3968 er-

92 4003 265 4081 pergefaotis
278 4016 369 4062 restat
382 4003 548 4082 memoria]
