2786 4674
259 341 329 439 598
594 341 642 408 tu.
669 341 708 408 r.
734 337 983 410 cttuttouts

257 465 294 524 ad
304 483 365 522 rem
371 460 489 521 minime
499 459 646 538 pertinens
659 457 793 518 addenda
807 457 938 518 videtur:
952 475 988 516 ea
1000 475 1069 516 uero
1079 457 1317 536 cuottmseriptio,

256 575 322 635 quae
337 552 473 613 brevibus
487 569 589 630 magna
602 549 842 628 comprehendat,
856 547 1012 608 admodum
1025 562 1190 627 opportuna
1202 547 1318 606 videbi-

157 665 164 679 ·
258 663 322 708 tur:
336 648 376 705 ita
390 647 478 722 igitur
487 644 549 721 ipse
559 661 651 701 meam
663 643 718 702 hac
732 642 768 701 de
778 662 810 700 re
818 641 987 700 sententiam
1000 641 1106 700 leram:
1121 642 1146 700 si
1157 640 1317 698 intellectus

256 752 285 797 et
296 757 365 797 sera
376 737 477 816 opinio
489 735 549 794 duo
560 753 667 813 genera
676 747 758 807 sunt,
771 753 887 794 necwe
900 748 943 794 est
952 733 1316 812 hujusmodispeciesesse,

254 851 319 909 quse
332 849 386 909 per
400 849 431 888 se
445 829 515 906 ipsae
530 827 604 896 sint,
619 839 648 884 et
660 826 850 905 intelligentia
863 828 959 905 ponus
973 847 1061 904 φιιιιι
1084 825 1215 886 sensibus
1230 844 1316 886 eom-

252 922 494 1002 prehendantur:
511 919 554 978 sin
570 931 685 991 autem,·
698 931 732 977 ut
744 917 916 996 quibusdam
932 917 1062 991 videtur,
1081 939 1153 978 vera
1166 918 1261 998 opinio
1275 917 1315 980 ab

254 1014 404 1072 intellectu
417 1011 509 1070 nihilo
520 1011 634 1082 dillert,
646 1011 756 1078 omnia,
769 1031 834 1088 quse
843 1011 976 1088 corporis
985 1029 1086 1070 sensus
1099 1012 1225 1090 attingit,
1236 1026 1316 1070 certe

253 1105 386 1164 habenda
403 1118 493 1164 sunt:
509 1103 560 1162 sed
575 1104 683 1182 opinor
707 1103 768 1161 duo
787 1121 848 1162 esse
865 1101 1005 1172 dicenda,
1023 1103 1093 1180 quia
1110 1123 1236 1162 seorsum
1247 1115 1317 1162 aaut

254 1199 329 1255 lacta
343 1209 374 1254 et
386 1195 534 1254 dissimilia
546 1208 628 1252 sunt:
638 1195 748 1272 quippe
761 1213 887 1272 quorum
900 1195 1021 1253 alterum
1034 1193 1168 1253 doctrina
1180 1193 1258 1254 nobis
1270 1196 1317 1252 in-

253 1289 363 1360 sinuat,
385 1288 507 1346 alterium
527 1285 694 1364 persuasio:
715 1298 744 1343 et
760 1285 832 1343 illud
850 1285 966 1363 quidem
989 1305 1104 1363 semper
1120 1306 1187 1345 cum
1205 1287 1317 1352 ,radone

252 1401 339 1450 vera,
353 1381 410 1438 boc
425 1392 521 1437 autem
536 1378 598 1436 sine
613 1378 746 1436 ratione:
766 1376 839 1436 illud
861 1378 941 1436 nulla
957 1379 1147 1456 persuasione
1165 1376 1315 1444 mutabile,

252 1473 310 1530 boc
322 1483 424 1530 eontra
437 1471 506 1528 huic
521 1469 674 1528 mutationi
687 1467 848 1546 subjectum
864 1491 872 1526 :
895 1487 970 1527 vern
983 1467 1101 1545 quidem
1114 1469 1257 1546 opinionis
1271 1470 1317 1528 vir

254 1562 378 1640 quilibet
393 1561 555 1640 particeps:
568 1560 764 1638 intelligentia·
776 1579 848 1618 vero
867 1561 916 1619 Dii
929 1559 1046 1638 quidem
1058 1579 1174 1632 omnes,
1188 1560 1316 1620 homines

129 1661 131 1666 '
253 1673 325 1714 vero
343 1655 429 1733 pauci
442 1651 599 1713 admodum
622 1652 777 1730 participes
789 1666 876 1711 sunt:
891 1671 956 1728 quas
970 1669 1061 1729 quum
1075 1652 1117 1710 ita
1132 1671 1165 1710 ae
1179 1651 1317 1720 habeant,

254 1747 340 1805 lateri
350 1757 467 1824 oportet
478 1761 540 1802 esse
549 1744 686 1822 speciem,
700 1761 765 1819 quse
778 1743 1002 1821 ssmpereadem
1014 1743 1065 1816 sit,
1079 1743 1141 1802 sine
1152 1757 1222 1804 ortu
1231 1756 1317 1821 atqne
1349 1754 1355 1764 “

252 1837 372 1896 interitu
386 1858 394 1894 ι
411 1855 476 1913 qua
492 1835 588 1894 necin
602 1855 634 1894 se
648 1835 770 1913 accipiat
780 1834 939 1912 quidquam
953 1836 1032 1896 aliud
1043 1835 1180 1909 aliunde,
1193 1856 1248 1894 nec
1257 1837 1317 1913 ipsa

254 1927 395 2008 procedat
406 1927 444 1988 ad
458 1925 536 1986 aliud
549 1926 722 2004 quidquam3
736 1945 880 2004 sensuque
890 1928 1023 2005 eorporis
1033 1927 1115 1986 nullo
1127 1929 1317 2006 percipiatur:

254 2033 342 2100 atque
355 2021 413 2080 hoc
428 2034 484 2092 est,
506 2017 586 2096 quod
597 2017 634 2076 ad
646 2017 737 2077 solam
753 2019 969 2096 intelligentiam
985 2020 1125 2098 pertinet,
1139 2021 1260 2099 ejusque
1273 2022 1318 2080 in-

255 2113 390 2171 tentionis
403 2123 446 2170 est
458 2110 630 2189 proprium:
651 2109 702 2168 sed
718 2105 763 2170 est
775 2109 885 2188 aliquid
901 2125 969 2188 post
989 2111 1062 2183 hoc,
1077 2111 1158 2189 qnod
1172 2133 1239 2172 cnm
1255 2113 1317 2190 ipso

255 2223 315 2262 non
327 2203 459 2277 ratione,
481 2202 532 2261 sed
546 2201 663 2260 nomine
680 2203 831 2272 convenit,
856 2201 976 2279 ejusque
994 2201 1212 2262 similitudinem
1228 2204 1316 2281 gerit,

255 2293 403 2374 genitum,
417 2291 548 2350 sensibus
564 2293 763 2365 manifestum,
776 2291 856 2370 quod
874 2294 966 2352 lectur
978 2307 1008 2354 et
1022 2303 1200 2354 sustentatur
1212 2295 1252 2356 ab
1265 2296 1317 2354 alio

254 2403 380 2461 semper,
392 2395 422 2440 et
434 2383 463 2440 in
476 2383 574 2459 aliquo
585 2382 650 2442 loeo
664 2385 800 2461 gignitur,
812 2403 969 2462 sumusque
982 2385 1050 2446 inda
1060 2386 1175 2458 recidit,
1185 2389 1318 2464 ορίιιὶοιιο

254 2495 309 2555 per
324 2493 425 2534 seusus
439 2470 744 2550 conprehendendum
763 2497 771 2532 z
788 2477 903 2535 tertium
921 2497 1011 2554 genus
1033 2478 1114 2538 locas
1129 2492 1188 2548 est,
1205 2480 1258 2556 qui
1277 2480 1318 2538 in-

256 2567 323 2627 terit
337 2564 455 2643 quidem
468 2583 641 2641 numquam,
654 2565 704 2624 scd
719 2565 854 2626 omnibns
862 2609 872 2638 ,
887 2587 953 2644 quae
965 2569 1138 2646 wantos,
1153 2569 1253 2630 seda·
1269 2591 1317 2630 es-

254 2657 350 2718 hibet:
362 2657 409 2716 laic
421 2657 482 2716 sine
497 2657 637 2733 tangentis
650 2677 735 2716 sensu
748 2660 882 2738 tangitur,
892 2659 1054 2721 adulterina
1067 2661 1195 2738 quadam
1209 2663 1316 2722 ratione

253 2749 302 2808 vix
316 2748 471 2827 opinabilis
484 2769 491 2804 ι
505 2747 631 2826 denique
644 2768 734 2827 quum
748 2752 785 2811 ad
800 2752 877 2810 launo
890 2752 987 2812 animo
1000 2753 1185 2830 respicimus,
1198 2755 1317 2816 somnia·

258 2861 321 2900 mass
338 2839 571 2919 quodammodo,
592 2842 841 2920 necessariumque
858 2856 1009 2921 putamus,
1030 2857 1080 2914 ut,
1102 2845 1248 2924 quidquid
1264 2859 1318 2915 cst,

254 2933 285 2992 in
298 2933 398 3011 aliquo
410 2934 447 2992 sit
458 2933 524 2990 loco
536 2931 662 3010 positum
675 2933 1023 3012 regionemqueobtineat
1037 2935 1182 3013 aliqnam5
1200 2952 1232 2996 et
1244 2939 1318 3017 quod

170 3081 172 3093 ,
256 3043 352 3100 neque
364 3023 396 3082 in
412 3035 503 3093 terra,
521 3042 615 3100 nequa
630 3021 661 3080 in
681 3023 752 3084 caelo
773 3025 823 3096 sit,
840 3025 958 3086 minime
971 3045 1033 3086 esse
1048 3025 1214 3088 merlonus:
1237 3045 1318 3108 atquc

254 3117 307 3174 has
318 3133 417 3174 omnes
434 3127 465 3173 et
478 3113 586 3174 similes
605 3114 751 3193 passiones
769 3134 787 3174 a
807 3118 943 3195 pervigili
956 3137 1082 3195 vereque
1098 3119 1255 3182 exsistente
1269 3141 1320 3180 na-

254 3219 333 3278 tura,
349 3206 406 3286 ipsi
418 3195 596 3284 ‘hujusmodi
613 3207 732 3266 somniis
751 3207 901 3286 occupati,
921 3227 1073 3270 secernere
1091 3229 1151 3268 non
1174 3212 1317 3272 valemus:

149 3319 157 3330 x
253 3297 378 3375 ideoque
390 3317 445 3356 nec
458 3297 623 3356 ducernese
636 3296 667 3356 id
680 3297 767 3358 etiam
780 3317 950 3376 possumus,
962 3301 1042 3378 quod
1056 3300 1177 3379 imagini
1188 3301 1318 3380 quidem,

251 3402 404 3468 postquam
417 3389 448 3448 id
461 3391 571 3467 ipsum,
585 3389 688 3467 inquo
702 3391 778 3450 tacu
793 3405 859 3462 est,¹
869 3411 928 3450 non
943 3392 1034 3470 ipsius
1048 3405 1108 3464 est,
1126 3393 1178 3452 sed
1195 3413 1231 3454 ea
1244 3413 1316 3454 sern-

253 3499 307 3559 per
324 3481 442 3540 alterius
464 3482 556 3540 lemur
577 3481 776 3555 simulacrum,
798 3503 858 3542 non
873 3484 978 3560 injuria
992 3483 1146 3555 convenit,
1170 3485 1250 3544 utin
1266 3485 1317 3542 alio

252 3569 381 3650 quodam
394 3570 448 3642 sit,
469 3585 557 3650 atque
569 3572 611 3632 ita
623 3573 839 3650 quodammodo
850 3575 982 3634 amentias
997 3576 1047 3634 liat
1061 3576 1222 3655 particeps,
1242 3577 1318 3634 aliter

254 3681 326 3721 vero
338 3679 400 3720 esse
416 3661 499 3720 nullo
514 3662 604 3722 modo
622 3665 732 3742 possit:
752 3665 908 3737 eiautem,
922 3665 1002 3743 quod
1018 3685 1086 3724 vare
1104 3679 1164 3739 est,
1178 3685 1248 3724 sera
1263 3666 1318 3724 hac

252 3768 282 3813 et
295 3753 440 3831 exquisita
455 3753 531 3814 ratio
546 3755 733 3832 suffragatur,
744 3755 851 3818 docens
863 3756 958 3834 quod,
971 3756 1044 3820 dunt
1059 3775 1104 3816 res
1120 3757 1163 3816 ita
1178 3777 1210 3818 se
1225 3756 1315 3824 ltabet¹

254 3864 287 3909 ut
300 3851 358 3908 hoc
371 3847 489 3928 quidem
500 3849 578 3910 aliud
592 3851 630 3909 sit
640 3864 671 3909 et
684 3851 757 3914 illud
772 3851 864 3924 aliud,
876 3864 1011 3912 neutrum
1022 3852 1053 3912 in
1066 3864 1174 3912 neutro
1189 3871 1315 3931 umquem

255 3943 361 4000 iactum
376 3959 467 4000 unum
486 3940 571 3998 simul
594 3941 671 4002 idem
687 3957 716 4002 et
733 3942 794 4004 dno
806 3946 894 4003 fient:
915 3944 976 4004 ltaec
997 3943 1112 4006 tandem
1133 3963 1206 4004 mear
1222 3947 1315 4006 means

252 4033 418 4092 summatim
443 4031 583 4106 sententia
604 4033 654 4106 sit,
675 4053 736 4094 esse
756 4049 786 4096 et
801 4045 868 4096 ante
884 4037 947 4096 celi
966 4049 1064 4096 ortum
1085 4033 1199 4098 radone
1217 4035 1314 4116 triplici
