2764 4688
211 347 280 434 264
530 356 591 423 ¹M.
616 355 656 422 Τ.
682 351 927 422 CICERONIS

208 469 372 542 macham
384 475 429 560 ¹⁴,
443 497 558 570 quum
573 472 611 544 id
625 496 692 543 nos
705 496 753 542 ne
767 474 994 570 suspicemur
1004 470 1164 570 quidem.
1178 469 1284 542 Nihil

209 606 356 654 necesse
368 597 423 654 est
437 583 482 656 de
499 597 644 681 gustatu
658 598 695 653 et
708 581 861 654 odoratu
877 583 996 680 loqui;
1017 583 1055 652 in
1073 580 1209 680 quibus
1227 583 1284 652 in·

206 692 404 790 telligentia
414 691 459 782 ¹⁵,
483 697 549 764 etsi
563 695 710 782 vitiosa,
724 708 777 764 est
793 691 957 790 quaedam
972 708 1105 764 tamen.
1121 690 1221 784 Quid
1235 689 1284 763 de

205 802 362 908 tactuffi,
388 818 424 876 et
446 829 490 876 eo
514 803 683 901 quidem,
703 827 812 902 quem
837 802 1048 902 philosophi
1067 804 1284 874 interiorem

208 928 341 985 vocant
351 970 361 1004 ,
372 929 436 987 aut
446 914 599 1003 doloris,
610 929 672 986 aut
681 914 896 1013 voluptatis?
909 917 947 986 in
960 940 1036 1013 quo
1048 913 1238 1012 Cyrenaici
1249 923 1281 968 ¹⁷

160 1049 193 1086 2²
210 1023 288 1095 solo
309 1039 441 1123 putant
462 1027 539 1097 veri
561 1051 639 1097 esse
655 1019 852 1121 judiciuin,
866 1026 952 1124 quia
964 1017 1193 1096 sentiatur¹⁸.
1212 1027 1283 1094 Po-

210 1149 327 1207 testne
340 1137 450 1234 igitur
463 1138 657 1234 quisquam
674 1135 812 1224 dicere,
825 1137 920 1208 inter
933 1159 1039 1224 eum,
1056 1137 1119 1233 qui
1139 1131 1283 1219 doleat,

210 1261 247 1318 et
271 1250 367 1317 inter
388 1238 491 1335 curn,
513 1249 578 1344 qui
604 1247 642 1316 in
669 1247 855 1345 voluptate
882 1249 946 1336 sit,
969 1246 1062 1317 nihil
1081 1242 1284 1316 interesse?

210 1370 289 1445 aut,
305 1361 354 1430 ita
366 1363 431 1457 qui
446 1359 577 1430 sentiat
589 1367 632 1448 ¹9,
651 1381 727 1429 non
741 1360 964 1456 apertissime
979 1357 1154 1430 insaniat?
1170 1355 1285 1451 Atqui

210 1467 330 1564 qualia
343 1484 429 1541 sunt
442 1469 540 1558 baec,
560 1493 642 1567 quae
663 1469 829 1542 sensibus
851 1470 992 1570 percipi
1010 1468 1181 1554 dicimus3
1198 1464 1285 1536 talia

247 1649 290 1698 rt.
312 1643 523 1694 Andromachum.
544 1644 723 1695 Andromacha
805 1665 845 1710 ¹7·
873 1645 1005 1709 cyrenaici.
1028 1647 1141 1711 Quorum
1166 1641 1286 1707 princeps

210 1733 291 1770 sutem
300 1724 507 1788 Eunii,Diviu.I,
520 1727 568 1786 13,
578 1727 627 1774 23:
638 1741 723 1790 quam·
767 1739 818 1777 erst
836 1729 994 1792 Aristippus,
1013 1722 1171 1792 Cyrensidus.
1190 1725 1287 1773 Prteter

210 1817 283 1865 quam
299 1805 369 1850 etiam
390 1805 477 1852 Accius
492 1804 599 1853 fabulum
614 1805 723 1865 ejusdem
767 1824 880 1857 sensuum
894 1809 1056 1856 bumanorum
1069 1817 1164 1854 motans
1180 1802 1219 1852 nil
1231 1801 1287 1850 reri

210 1883 315 1944 nominis
325 1883 437 1949 scripsit,
451 1883 502 1934 rid.
510 1884 577 1934 idem
587 1883 687 1934 Nonius
697 1901 721 1932 v.
767 1904 840 1952 posse
848 1889 964 1953 percipis
974 1886 1047 1936 uobis
1058 1884 1176 1945 docebat,
1187 1898 1235 1932 nec
1244 1897 1286 1930 res

211 1959 358 2026 longinque,
373 1975 420 2012 etc.
436 1963 467 2014 G.
768 1981 836 2018 extra
852 1985 897 2017 nos
911 1969 1006 2033 positas
1025 1964 1161 2034 (objectu)
1177 1963 1285 2029 percipl-

250 2040 291 2089 15.
304 2043 336 2089 In
347 2040 434 2106 quibus
442 2041 614 2108 intelligentia,
629 2042 676 2090 etsi
683 2041 724 2090 ui·

212 2117 286 2168 tiosa.
302 2121 362 2171 Ern.
377 2121 469 2171 uitiosa
487 2123 518 2170 tle
534 2138 583 2170 non
596 2120 721 2184 perfecta,

211 2196 348 2262 imbecills;
359 2203 426 2266 quod
438 2203 521 2252 uncio
530 2218 562 2251 ιιι
575 2201 724 2267 explicatum

211 2275 360 2342 abductius,
373 2297 447 2347 quant
454 2283 544 2331 verius.
555 2281 725 2346 intelligentia

211 2357 276 2405 euim
293 2359 320 2409 b.
340 2359 359 2409 l.
381 2371 418 2408 est
435 2373 546 2410 secumts
566 2373 591 2410 et
610 2361 723 2424 subtilis,

211 2436 289 2485 multo
299 2455 330 2486 ex
339 2456 385 2488 usu
394 2441 510 2504 collecta,
520 2441 643 2506 cognitio,
652 2457 725 2505 qutun

210 2525 296 2563 ructor
305 2517 331 2565 in
340 2519 379 2566 bis
388 2520 499 2568 sensibus
507 2519 608 2568 nimiam
616 2553 624 2580 ,
635 2529 660 2567 et
667 2519 725 2569 iude

209 2592 340 2656 vitiosam,
348 2597 450 2659 judicat.
462 2599 501 2646 Cf.
514 2600 575 2661 Opt.
586 2613 640 2660 gen.
651 2607 726 2658 ont,

213 2688 254 2737 11,
265 2675 309 2724 ubi
324 2678 399 2724 verbs
410 2686 462 2724 «est
480 2677 591 2740 quaedsm
603 2687 684 2724 tamen
697 2698 724 2735 a,

209 2769 242 2801 ex
260 2766 379 2803 contextu
395 2757 430 2804 its
446 2755 570 2818 accipies:
584 2756 651 2803 «etsi
671 2754 726 2820 qui-

210 2831 266 2881 dem
283 2833 443 2897 intelligentis
464 2833 494 2881 ds
516 2833 605 2882 viriosa
626 2851 652 2883 re
673 2849 724 2884 non

209 2911 308 2974 dicitur,
315 2924 395 2961 tsrueu
405 2910 588 2977 quodammodo
599 2913 635 2960 sic
643 2911 724 2962 dicere

208 3007 265 3039 vere
276 2992 364 3042 licet».
382 2994 413 3042 G.
429 3018 464 3030 —
477 2993 627 3042 Emcstisuts
643 3005 723 3042 temen

208 3069 403 3137 interpretationi
423 3072 553 3121 assentitur
566 3072 668 3136 gallicus
684 3075 723 3120 in-

209 3160 308 3215 terpres,
316 3154 376 3216 qui:
396 3175 408 3194 α
418 3153 452 3200 les
466 3153 567 3201 notione
579 3153 651 3217 qu'ils
662 3153 722 3201 don·

112 3237 116 3245 ¹
208 3242 270 3278 nent
280 3244 336 3279 sont
350 3231 537 3282 dilecturuses:
551 3233 611 3280 meis
624 3232 654 3280 ils
667 3231 724 3280 u'en

209 3309 320 3359 douueut
332 3329 377 3375 pus
390 3315 480 3362 moins.
493 3335 505 3358 ι

247 3383 298 3439 16.
309 3391 376 3455 Quid
390 3393 421 3438 de
438 3403 518 3442 tacta.
529 3426 553 3441 ..
568 3391 723 3458 uoluptatis?

169 3473 171 3479 '
207 3468 233 3515 in
240 3485 301 3532 quo.
314 3505 320 3517 .
331 3503 336 3516 .
347 3471 474 3520 sentiatur.
483 3475 722 3536 Goerenninterpun-

206 3547 260 3608 git:
276 3569 288 3588 u
298 3549 365 3610 Quid
378 3547 409 3595 dc
424 3559 501 3598 tectu.
512 3588 518 3601 .
531 3585 555 3600 ..
571 3552 719 3615 voluptatis,

207 3625 252 3688 (in
266 3641 328 3690 quc.
339 3661 363 3674 ..
378 3629 495 3676 sentietur
504 3633 514 3696 )
523 3653 546 3678 ι.
562 3631 587 3679 Si
600 3632 670 3695 quis,
683 3632 723 3678 in·

206 3704 276 3769 quit,
296 3705 335 3752 vel
357 3702 442 3769 peruia
466 3707 497 3755 dc
523 3711 721 3770 constructione,

206 3795 256 3832 tent
271 3801 336 3849 sape
356 3786 446 3846 obvie,
466 3789 556 3851 «Quid
571 3792 594 3838 t.
607 3827 630 3842 ..
649 3807 721 3852 unm,

205 3879 267 3923 nou,
276 3879 359 3913 nonne
366 3899 374 3926 ,
381 3881 412 3914 ne
421 3887 443 3928 ι,
450 3867 722 3932 cogitaverit,nostrsm

204 3943 267 3991 benc
286 3945 405 3994 rationem
424 3962 476 3994 non
490 3951 582 4012 poterit
600 3950 660 4013 quin
682 3967 721 3998 va·

204 4024 321 4072 tissimum
338 4025 444 4085 judicet.
469 4027 547 4092 Igitur
563 4029 721 4092 parenthesin

205 4105 309 4167 excipit,
320 4115 348 4152 nt
365 4105 505 4170 stepissiuse.
524 4107 593 4172 Οἱς
611 4123 653 4156 ns.
712 4127 714 4133 ·

767 2050 828 2099 vid.
841 2048 957 2099 Bruclser.
972 2049 1035 2096 Hist.
1049 2048 1103 2095 erit.
1117 2044 1209 2111 philos.
1223 2053 1243 2093 t.
1259 2047 1285 2102 1,

768 2131 861 2194 plpt,
870 2145 936 2193 seqq.
948 2127 1027 2176 Buble
1035 2129 1060 2187 1,
1069 2127 1128 2182 413.
1140 2127 1286 2173 Teunem.

768 2211 789 2266 1;
798 2209 878 2258 Gerre
884 2225 925 2274 sp.
935 2205 1169 2272 tabenensium,
1178 2205 1238 2263 184.
1251 2207 1287 2252 Η.

807 2289 849 2337 ι8.
866 2287 930 2352 Quia
943 2285 1070 2336 sentiatur.
1081 2289 1118 2334 lta
1131 2284 1179 2332 mei
1189 2297 1288 2332 omum.

768 2367 882 2417 Aliorum
891 2367 977 2432 scripti
990 2367 1025 2414 sic
1038 2366 1145 2424 variant,
1154 2375 1183 2412 ut
1193 2361 1289 2410 intelli-
1373 2417 1374 2420 Ἴ

769 2465 823 2513 ges,
840 2449 921 2498 locum
932 2447 1045 2496 librarios
1054 2462 1106 2498 nou
1119 2444 1220 2510 cepisse.
1234 2444 1287 2492 Ne·

769 2545 817 2592 que
825 2517 1286 2593 lorteputs,plnnebaecabesseposse.
1373 2575 1374 2590 ,

768 2607 861 2656 Addita
868 2617 937 2666 sunt,
943 2619 973 2656 ut
981 2605 1109 2671 Cyrenaici
1114 2602 1147 2652 ab
1156 2603 1289 2666 Epicureis

768 2685 815 2734 rite
828 2685 1037 2750 dignoscerentur.
1057 2686 1141 2748 Quum
1154 2684 1221 2730 enim
1235 2682 1288 2730 boc

768 2768 865 2830 utrique
880 2782 1010 2815 commuue
1023 2765 1159 2826 baberent,
1173 2773 1202 2810 ut
1216 2779 1287 2810 sum·

768 2846 941 2894 suurn-bonum
952 2847 979 2894 iu
992 2845 1119 2910 voluptate
1132 2851 1287 2908 quaerereut,

767 2925 795 2972 in
806 2941 836 2973 eo
849 2935 931 2972 temen
947 2923 1114 2987 distinguendi
1127 2931 1202 2980 sunt,
1216 2920 1289 2985 quod

768 3004 896 3072 Cyrenaici
916 3003 1067 3068 voluptutem
1087 3001 1112 3050 in
1130 3000 1286 3057 sensatione,

767 3077 855 3137 ἡδονὴν
872 3078 1007 3141 intrusisse,
1019 3080 1133 3146 Epicurei
1149 3079 1176 3127 in
1191 3079 1289 3144 quiete,

767 3155 855 3216 idetis
866 3159 1065 3228 καταςηματικὴν
1074 3197 1081 3223 ,
1090 3169 1223 3224 ponerent.
1238 3162 1288 3208 Ac-

768 3254 851 3291 curste
861 3243 911 3307 egit
925 3241 955 3290 de
966 3243 1038 3302 hujus
1050 3240 1177 3303 utriusque
1189 3239 1289 3288 familia

767 3321 906 3369 discrimine
916 3323 1033 3370 Teunem.
1044 3319 1129 3367 Geselt.
1142 3317 1288 3369 derPlrilos.

768 3412 787 3450 t.
793 3401 831 3462 ΙΙ,
840 3418 865 3464 p.
880 3401 995 3464 rr3,seq.
1005 3397 1076 3448 Nihil
1084 3399 1159 3462 igitur
1169 3396 1232 3445 dicit
1241 3400 1289 3446 De·

766 3481 812 3529 vis.
823 3480 866 3545 qui
878 3479 992 3542 conjicit,
1010 3477 1051 3526 cui
1061 3477 1239 3526 assentiantur.
1254 3480 1287 3526 G.

806 3577 848 3624 19.
866 3561 935 3619 Aut,
954 3559 990 3608 ita
1003 3559 1047 3624 qui
1061 3555 1198 3606 sentiat...
1215 3556 1288 3605 insa·

767 3641 839 3691 nint?
850 3643 885 3688 lta
898 3655 955 3686 sane
964 3637 1089 3686 verissime
1101 3636 1214 3701 reposuit
1227 3637 1288 3684 um.

766 3731 872 3786 quatuor
894 3721 955 3766 meis
976 3715 1193 3781 adstipulantibus.
1221 3717 1288 3765 Nem

767 3798 835 3864 quod
848 3798 933 3845 Deris.
945 3795 1062 3844 sentiet..
1074 3828 1080 3841 .
1096 3793 1190 3841 instanit
1205 3793 1287 3842 dedit‘

765 3879 793 3927 iu
801 3895 832 3926 eo
842 3892 892 3925 non
903 3876 977 3924 latius
987 3875 1128 3924 Ciceronem
1137 3873 1210 3937 loqui
1219 3873 1286 3922 fecit.

766 3961 817 4006 Aut
825 3973 871 4022 pro
878 3954 1007 4020 antpott'us
1013 3989 1022 4011 ,
1033 3969 1084 4002 non
1091 3953 1125 4000 its
1134 3951 1286 4016 infrequenti

766 4035 846 4100 ellipsi
859 4051 938 4100 graeco
948 4050 1016 4082 more
1026 4035 1137 4097 ponitur,
1149 4048 1201 4096 quo
1211 4030 1228 4087 ἢ
1240 4047 1288 4096 pro

764 4114 780 4170 ἢ
794 4117 883 4183 μᾶλλον
896 4130 961 4180 ssepe
975 4113 1076 4164 dicitur.
1091 4113 1124 4162 G.
