2770 4688
422 391 749 464 turnonucno.
1074 425 1114 500 17

71 513 187 603 quidem
198 513 344 602 primum
357 534 396 576 eo
408 515 562 601 pertinet,
578 514 671 604 quod
684 532 749 580 tam
763 537 878 606 parum
891 518 925 581 in
938 519 1118 590 Academia

70 622 154 684 totius
169 620 404 708 descriptione,
428 621 460 701 I,
478 611 505 685 css
527 644 582 703 ra,
608 620 648 685 de
669 622 807 688 Arcesila
829 641 1004 690 monetur:
1027 629 1118 716 quod

69 745 145 790 certo
158 749 197 791 ex
207 727 285 790 vitio
297 727 331 790 in
348 726 411 790 hoc
422 727 509 808 viro,
523 727 578 814 qui
595 745 716 792 tantam
732 729 796 793 vim
814 729 846 792 in
863 752 979 794 novam
994 734 1119 800 Acade·

69 833 154 897 miam
164 832 294 913 habuit,
311 833 430 896 factum
445 835 538 914 foret,
551 833 612 896 nisi
626 849 739 898 auctor
752 835 814 900 alio
827 835 946 900 horum
960 837 1119 906 librorum

70 937 132 1002 loco
148 939 214 1018 ejus
235 939 427 1002 sententiam
444 942 623 1005 accuratius
644 941 837 1028 expositam,
863 957 895 1005 ct
911 940 952 1005 ad
968 947 1119 1012 Antiochi

68 1042 192 1106 rationes
219 1042 388 1123 collatam,
416 1031 600 1132 inclusurtis
625 1044 750 1110 fuisset.
780 1045 980 1110 Antiochum
1009 1067 1119 1116 autem

69 1161 166 1210 contm
177 1147 351 1212 Arcesilam
363 1146 457 1211 latius
472 1149 667 1237 disputasse,
683 1149 733 1213 vel
749 1173 788 1213 ex
799 1151 837 1214 iis
850 1150 971 1215 clarum
982 1153 1120 1239 ridetur,

29 1242 32 1252 ⁴
70 1273 130 1338 quae
138 1253 289 1316 Lucullus
299 1274 338 1315 ex
350 1253 448 1331 hujus
461 1270 569 1317 mente
582 1254 622 1319 dc
637 1254 720 1318 illius
731 1255 765 1317 in
776 1272 898 1320 veteres
908 1257 1120 1348 philosophos

68 1359 228 1441 calumnia,
247 1381 321 1446 quae
332 1355 461 1439 dicitur,
479 1381 505 1421 c.
525 1356 543 1421 5
561 1376 592 1423 et
609 1359 631 1424 6
646 1358 790 1442 disserit,
807 1360 912 1448 deque
925 1362 992 1427 aliis
1006 1365 1120 1450 rebus,

70 1485 191 1550 quarum
211 1485 308 1528 causa
334 1463 402 1543 ejus
426 1464 548 1527 mentio
571 1463 723 1544 injicitur.
752 1467 825 1530 Huc
849 1466 950 1551 adde,
974 1470 1064 1556 quod
1082 1494 1123 1536 ex

69 1570 162 1654 paucis
177 1569 236 1634 illis
253 1569 459 1658 fragmentis,
477 1593 548 1657 qnae
565 1591 604 1634 ex
618 1570 650 1634 Il
663 1571 747 1635 libro
763 1571 885 1637 Acadd.
902 1577 1119 1661 posteriorum

70 1691 188 1757 restant,
209 1675 339 1739 nullum
362 1674 419 1756 sit,
442 1673 531 1762 quod
550 1674 591 1738 ad
613 1675 710 1755 hujus
736 1679 929 1740 sententiam
948 1701 1015 1742 non
1033 1697 1121 1747 recte

68 1781 153 1866 possit
165 1780 319 1872 applicari
331 1804 340 1863 ;
358 1801 461 1843 unum
474 1796 600 1862 autem,
616 1779 705 1867 quod
717 1780 844 1844 Nonius
858 1781 969 1864 affert,
987 1781 1027 1846 ad
1043 1807 1120 1850 eum

69 1886 156 1950 solum
164 1887 327 1976 pertinere
335 1885 492 1952 videatur.
503 1884 566 1949 Hic
574 1885 1022 1968 enim,roc.Siccum.·«Alius
1032 1888 1121 1955 adul·

70 1992 196 2074 tis,alius
212 1993 367 2075 senibus3
384 1993 465 2056 alius
480 1993 592 2081 aegris,
611 1991 692 2056 alius
707 1992 808 2073 sanis,
823 1992 902 2056 alius
919 1994 1026 2076 siccis,
1037 1996 1119 2061 alius

70 2097 218 2165 vinolentis
228 2131 252 2165 n.
266 2099 345 2163 llaec
355 2098 453 2163 rerba
463 2097 658 2188 aenigmatis,
671 2098 725 2161 vix
735 2097 897 2177 solvendi,
908 2098 982 2165 loco
995 2100 1119 2185 forent,

70 2203 117 2267 nisi
130 2207 164 2270 iis
178 2205 382 2296 repentinam
400 2203 574 2292 quamdam
590 2203 697 2267 lucem
713 2202 903 2268 accenderet
916 2205 1002 2270 Sext.
1021 2207 1118 2297 Emp.

70 2303 132 2387 Vll,
143 2307 203 2385 413
215 2331 223 2373 :
239 2313 393 2388 μεταὸἄλλιι
405 2313 453 2386 γὰρ
466 2308 587 2386 (χρῶμα)
598 2314 665 2367 κατὰ
676 2315 749 2386 ὥρας,
762 2315 893 2386 δνιργνίας,
904 2317 996 2387 φύσας,
1005 2317 1117 2385 ἡλικίας,

69 2419 203 2486 τιμςάσιις,
225 2422 330 2482 νόσους,
352 2419 453 2490 lysias,
476 2417 569 2482 ὕπνον,
588 2417 741 2488 ὖγρῆγνρσιν·
767 2419 816 2480 dcc
836 2421 864 2472 τὸ
885 2421 926 2490 μὲν
955 2420 1030 2483 οὕτως
1057 2423 1118 2476 αὐτὸ

69 2512 224 2579 secutarem,
240 2511 387 2585 γιγνόσκιιν
409 2512 494 2581 ἡμᾶς,
513 2511 542 2562 τὸ
562 2505 606 2575 dl,
621 2511 646 2564 τί
664 2512 701 2570 tet
719 2517 776 2562 κατ’
796 2511 924 2580 ἀλύθιιαν,
945 2512 1047 2582 Amoris.
1068 2503 1118 2568 Ex

70 2601 108 2666 his
118 2606 309 2698 intelligitur,
320 2607 371 2696 agi
381 2606 436 2669 illo
448 2607 520 2670 loco
530 2604 698 2669 decoloris
708 2605 924 2670 inconstantia
935 2607 969 2669 in
981 2607 1116 2672 homine

69 2703 178 2775 dirersis
191 2713 357 2793 aetatibus,
371 2709 632 2791 conditionibus,
649 2725 710 2774 etc.
728 2725 891 2797 spectato,
907 2726 946 2774 ut
959 2733 1115 2776 sensuum

69 2811 129 2878 inde
150 2819 230 2883 fraus
255 2835 290 2884 et
319 2827 478 2897 ὼιατσληψία
502 2813 683 2880 doceretur.
708 2815 844 2903 Reliqua
871 2814 1015 2896 ejusdem
1042 2816 1116 2882 libri

69 2915 137 3002 loca,
152 2947 220 3012 quoe
242 2945 338 2990 casus
354 2923 507 3005 serravit,
523 2922 590 2986 fere
605 2921 646 2985 ad
662 2919 789 2986 easdem
807 2943 963 2986 sensuum
978 2922 1114 2988 fallacias

69 3026 226 3108 probandas
239 3031 445 3111 referuntur3
461 3049 525 3115 quo
538 3027 571 3090 in
582 3049 618 3090 re
630 3024 776 3090 docenda
788 3026 962 3090 Arcesilam
976 3027 1114 3091 maxime

69 3125 203 3200 laborasse
223 3151 362 3203 constat.
385 3134 455 3215 sic,
476 3156 518 3197 ne
540 3133 604 3197 hoc
629 3133 776 3221 pluribus
798 3153 1045 3220 persequamur,
1061 3134 1114 3200 via

70 3253 137 3302 certe
151 3239 229 3306 facili
245 3242 404 3307 binorum
417 3240 538 3304 horum
554 3237 731 3318 librorum,
747 3237 844 3302 altera
862 3235 1005 3300 editione
1019 3236 1112 3303 addi·
1178 3241 1182 3272 ²

69 3353 173 3427 torum,
191 3369 287 3413 causa
312 3363 345 3411 et
366 3345 448 3410 ratio
467 3344 654 3426 conjicitur,
680 3365 751 3431 quae
776 3341 836 3406 alia
859 3342 912 3405 vix
935 3364 972 3408 ac
996 3366 1038 3409 ne
1059 3346 1112 3410 vix

69 3447 176 3530 quidem
192 3453 419 3542 explicabitur,
436 3451 624 3533 conjectura
642 3451 676 3512 in
696 3449 820 3535 reliqua
836 3449 945 3513 omnia
965 3467 1110 3538 vagante.

70 3549 125 3615 lloc
144 3557 224 3622 enim
252 3556 354 3624 modo
383 3571 500 3621 cuncta
530 3555 694 3644 aptissime
720 3568 851 3618 coeunt.
884 3553 996 3635 Quum
1022 3557 1112 3620 enim

68 3651 175 3742 Cicero,
196 3661 290 3727 editis
309 3661 472 3751 prioribus
487 3659 704 3742 Academicis,
726 3657 946 3741 intellexisset,
967 3657 1001 3722 id
1020 3659 1110 3747 quod

68 3781 164 3850 tagum
185 3769 218 3833 in
242 3771 281 3834 iis
304 3771 426 3851 inerat,
443 3767 591 3832 Arcesilae
613 3765 738 3830 ratione
758 3765 927 3854 separatim
948 3767 1110 3855 exposita,

69 3877 154 3934 toturn
175 3873 259 3958 tolli,
284 3876 468 3961 rectiusque
491 3874 611 3962 cuique
634 3894 691 3936 sua
715 3871 815 3936 tribui
836 3893 949 3959 posse,
973 3887 1110 3958 tumque

68 3975 158 4038 onnia
169 3978 201 4040 in
212 3995 339 4044 certum
354 4001 449 4043 suurn
462 3977 575 4042 orbem
587 3975 692 4064 aptius
705 3975 829 4040 redire:
844 3975 940 4064 coepit
953 3975 1109 4040 cassatim

67 4074 99 4138 td
113 4081 258 4152 Catonem
278 4089 482 4174 Brutumque
501 4081 684 4152 transferre.
703 4080 815 4148 Paullo
833 4096 909 4170 post
925 4079 1049 4146 Atticus
1066 4079 1107 4144 ad

147 4195 173 4258 l.
197 4211 240 4256 Cic.
252 4225 309 4272 pm
323 4210 394 4255 onia.
977 4213 996 4256 2
