2744 4684
172 429 176 438 ·
276 391 347 476 {418
617 385 665 454 M.
692 385 731 453 T.
758 381 1000 457 CICERONIS

274 511 423 613 paribus
435 512 472 581 in
487 509 574 580 locis
590 531 686 593 esse,
705 505 841 579 eisdem
856 505 1106 595 nominibust,
1121 507 1346 592 bonoribus,

274 623 384 697 rebus
406 623 534 718 gestis,
562 617 716 715 ingeniis
729 660 744 704 ,·
766 615 910 706 formis,
933 618 1113 708 rotatibus,
1137 620 1270 692 eisdem
1296 621 1345 694 de

273 733 383 806 rebus
408 724 661 830 disputantes?
688 741 744 813 et,
765 727 796 798 si
817 751 939 815 nunc,
965 742 1029 798 aut
1058 729 1088 799 si
1118 733 1226 801 etiam
1251 731 1343 802 dor-

274 847 440 929 mientes,
455 837 591 938 aliquid
606 841 728 909 animo
742 835 864 908 videre
876 835 1080 925 videamur,
1094 841 1264 937 imagines
1282 865 1342 911 ex·

271 955 448 1025 trinsecus
470 952 508 1020 in
535 951 675 1019 animos
698 960 842 1019 nostros
866 970 932 1043 per
954 972 1088 1046 corpus
1108 951 1342 1048 irrumpere?

270 1069 326 1134 Tu
347 1087 435 1134 vero
461 1063 528 1132 ista
556 1083 603 1130 ne
627 1059 809 1145 asciveris,
831 1081 921 1130 neve
944 1057 1056 1130 fueris
1083 1063 1340 1133 commentitiis

270 1172 379 1245 rebus
399 1193 573 1243 assensus.
598 1167 696 1240 Nihil
717 1168 868 1251 sentire,
887 1183 943 1240 est
962 1170 1112 1258 melius,
1133 1195 1247 1268 quam
1263 1187 1337 1242 tam

207 1308 255 1359 no
269 1305 379 1382 prava
405 1275 574 1353 sentiret.
601 1281 685 1352 Non
711 1302 799 1376 ergo
824 1277 861 1348 id
885 1280 1004 1376 agitur
1013 1291 1041 1368 ⁹,
1064 1295 1106 1351 ut
1125 1281 1263 1379 aliquid
1283 1307 1337 1353 as·

268 1399 376 1462 sens‘u
393 1413 476 1462 meo
489 1386 739 1486 comprobem.
760 1390 850 1479 Quae
872 1400 912 1458 tu
929 1387 1011 1461 vide
1021 1400 1064 1479 ¹⁰,
1077 1415 1125 1463 ne
1143 1391 1337 1490 impuden-

267 1515 325 1572 ter
343 1504 451 1573 etiam
465 1499 643 1599 postules,
660 1524 737 1572 non
754 1498 872 1572 solum
888 1516 1122 1598 arroganter:
1145 1506 1336 1602 prasertim

268 1631 383 1708 quum
404 1611 470 1681 ista
488 1625 550 1680 tua
567 1608 657 1679 mihi
677 1633 723 1680 ne
742 1607 944 1707 probabilia
963 1610 1111 1707 quidem
1135 1613 1333 1685 videantur.

266 1726 343 1796 Nec
360 1723 457 1793 enim
476 1719 734 1792 divinationem
746 1730 790 1808 ¹¹,
803 1711 919 1817 ¹quarn
935 1719 1115 1819 probatis,
1134 1711 1248 1794 ullam
1262 1747 1335 1794 esse

222 1857 226 1866 ·
267 1833 445 1922 arbitror;
461 1829 650 1929 latumque
669 1828 904 1914 illudentem,
921 1855 996 1928 quo
1014 1833 1139 1903 omnia
1157 1835 1333 1904 contineri

268 1944 411 2028 dicitis,
442 1955 649 2012 contemno
686 1942 741 2012 Ne
769 1935 1028 2011 exedificatum
1060 1939 1211 2037 quidem
1241 1941 1333 2012 bunc

185 2071 190 2076 ’
270 2051 447 2122 mundum
469 2050 592 2122 divino
614 2047 765 2122 consilio
788 2049 975 2136 existim03
996 2064 1107 2146 atque
1127 2051 1229 2122 baud
1247 2055 1331 2136 scio,

164 2223 165 2228 ,
267 2162 380 2230 auita
399 2159 498 2230 situ.

303 2320 355 2379 7.I
382 2315 619 2380 locieesse,eisdem
631 2332 696 2364 none.
709 2317 777 2364 Goet.
823 2315 961 2380 precedens
980 2315 1019 2377 id,
1038 2319 1160 2380 correxit,
1182 2321 1251 2384 qnod
1266 2331 1290 2368 tn
1305 2337 1328 2367 n.

266 2395 308 2444 dut
322 2411 330 2444 :
345 2331 399 2457 aba
418 2395 481 2444 locis
498 2396 589 2444 eisdem
607 2411 658 2443 esse
678 2411 746 2445 num.
764 2414 776 2438 ι
822 2395 943 2462 probante
962 2399 1073 2446 Ernestio
1091 2410 1116 2446 et
1128 2399 1235 2449 Wetsel.
1253 2399 1327 2458 At,si

266 2475 605 2540 temqusmorslinemeliore.
823 2474 884 2540 quid
909 2476 1078 2540 corrigendum
1101 2488 1153 2540 est,
1177 2479 1267 2526 rectius
1290 2479 1326 2526 erit

304 2558 329 2604 8.
340 2557 419 2618 Quam
426 2565 476 2603 tarn
483 2571 561 2620 prava
569 2553 664 2603 sentire.
675 2555 735 2602 Tam
744 2563 779 2602 est
823 2571 914 2618 qnure,·
923 2571 999 2618 quum
1010 2571 1066 2620 quoe
1075 2552 1100 2602 in
1111 2557 1210 2620 scriptis
1222 2558 1326 2606 vetustio-

264 2637 291 2683 in
308 2635 405 2700 seriptis
426 2634 545 2698 editisqpe
563 2633 692 2694 omm’bns,
712 2632 777 2682 unde
822 2633 889 2681 ribus
908 2632 1000 2698 ubique
1017 2651 1065 2699 que
1087 2636 1225 2696 scribetur,
1252 2639 1289 2685 cni
1309 2635 1325 2682 si

264 2725 329 2764 recte
346 2715 438 2763 incuria
454 2715 544 2763 fectum
559 2731 609 2763 esse
628 2713 738 2776 dixeris,
756 2714 777 2761 si
820 2711 932 2760 lineolam
950 2715 1145 2778 snper-pinxeris,
1162 2715 1324 2781 compendium

264 2794 326 2846 bane
347 2807 410 2858 port.
431 2795 459 2842 in
479 2793 684 2843 Hillsensnnuiena
703 2794 777 2842 textis
821 2791 888 2838 vocis
901 2807 979 2855 quare
991 2791 1103 2842 babebis.
1118 2793 1168 2842 Sed
1182 2794 1245 2842 nibil
1256 2809 1325 2841 norre-

263 2875 336 2924 tecite
347 2875 493 2923 subtractam
503 2873 579 2922 rides.
593 2876 625 2924 G.
820 2872 902 2920 ctione
915 2887 993 2934 opns;
1007 2887 1063 2936 ques
1076 2874 1141 2921 enim
1153 2889 1201 2937 pro
1214 2875 1296 2938 qualis
1305 2889 1323 2916 v.

298 2969 324 3017 9.
340 2955 397 3002 Non
410 2971 468 3020 ergo
483 2953 512 3002 iet
521 2954 612 3019 agitur.
629 2953 705 3002 Redit
718 2967 776 3018 ergo
819 2952 865 2999 sed
876 2951 937 2998 talia
951 2952 1061 3016 ponitur.
1079 2953 1119 3001 Cl.
1135 2955 1207 3003 Oret.
1223 2957 1273 3011 111,
1285 2959 1323 3007 at.

261 3029 293 3079 ed
313 3033 454 3097 superiore,
474 3033 541 3081 unde
559 3048 639 3081 sermo
662 3049 676 3080 n
697 3031 776 3079 verbis
821 3027 863 3094 95.
882 3029 921 3077 stc
935 3029 1040 3093 plurium
1060 3031 1155 3080 relativi
1168 3030 1321 3082 numerosos·

262 3109 349 3177 indes
366 3110 422 3163 125.
437 3113 502 3162 «stn
516 3113 566 3176 agis
579 3111 739 3160 verecundius
750 3129 776 3167 ι,
819 3108 918 3158 lendere
931 3109 992 3168 nihil
1007 3109 1094 3169 debet,
1106 3111 1150 3174 qui
1163 3113 1229 3160 etin
1239 3111 1322 3173 reliquis

263 3187 398 3240 deflexerat.
408 3189 775 3256 Plenevitioseigituanietus,
819 3205 909 3254 pronn.
930 3189 1042 3252 frequens
1062 3200 1113 3248 est,
1138 3201 1162 3239 et
1186 3189 1246 3239 alibi
1265 3191 1320 3238 eden

262 3281 306 3317 ent
318 3271 390 3334 Non,
404 3289 459 3336 quse
471 3271 503 3320 ad
515 3269 620 3336 negandi
633 3270 775 3334 gravitatem
819 3283 894 3333 preve
906 3268 1044 3332 corrigitur,
1063 3285 1089 3317 v.
1109 3285 1132 3317 c.
1147 3269 1234 3318 Divis.
1246 3271 1269 3328 1,
1286 3267 1321 3322 re,

260 3349 383 3411 premisse
404 3363 455 3413 est,
476 3352 502 3398 in
521 3351 594 3398 Nune
612 3347 716 3403 menri,
733 3359 776 3396 snt
820 3353 861 3411 ap.
875 3347 907 3396 G.
1247 3357 1252 3366 ·

262 3423 300 3471 bis
311 3424 476 3491 interrogandi
490 3439 571 3479 noum
584 3427 643 3476 addi
653 3425 732 3487 iubet.
749 3427 775 3475 Si
857 3423 1100 3474 senonensem
1113 3427 1151 3473 De
1165 3443 1214 3490 qun
1226 3441 1319 3492 praesen·
1346 3425 1347 3431 ’

262 3503 327 3550 enim
344 3503 443 3568 plenum
458 3507 546 3556 bor-nm
560 3522 657 3556 sensum
670 3505 774 3570 qnaeris,
818 3505 895 3554 tiendi
919 3503 1069 3552 voluntatem
1093 3503 1198 3553 deorum
1223 3506 1319 3553 neuton
1345 3483 1346 3525 l

262 3578 303 3627 bie
316 3591 371 3631 est:
385 3605 398 3625 ι
410 3585 447 3632 Ex
458 3585 512 3645 bis,
525 3587 614 3652 quibus
627 3601 665 3634 me
678 3584 709 3633 sd
724 3587 775 3632 De·
817 3586 866 3650 egit
880 3585 965 3633 Cioero
977 3583 1003 3630 in
1018 3583 1225 3648 praesentissimis
1238 3581 1318 3632 dnobus
1344 3565 1345 3617 l

261 3659 773 3728 noenunntenumaeeommodsmolut,
817 3663 1042 3724 libris‚eDevieio
1055 3671 1079 3709 et
1091 3663 1242 3728 Bottingero
1253 3677 1317 3711 emen·
1343 3651 1344 3709 l

261 3737 332 3787 lseile
341 3737 420 3799 sides,
431 3741 530 3791 minime
541 3743 628 3791 dehoc
638 3760 773 3792 sermonem
819 3743 897 3803 detis,
921 3741 953 3790 nd
972 3757 1051 3790 rernm
1072 3741 1258 3790 illustrationem
1273 3753 1316 3786 vero
1342 3733 1343 3803 l

261 3833 313 3866 esse
326 3834 412 3884 posse,
425 3829 453 3866 ut
465 3819 568 3885 aliquam
582 3838 595 3870 e
608 3833 657 3871 tem
672 3823 773 3871 diversis
817 3823 948 3871 mannum
971 3819 1095 3884 neglectis.
1118 3823 1227 3870 Gerriue
1246 3817 1316 3882 sliqnis
1341 3837 1342 3895 q

259 3895 464 3962 pbilosophorum
486 3901 628 3963 sententiis,
651 3912 772 3967 tamquam
817 3901 1020 3950 eosensrremi.

259 3991 466 4042 veram‚seqnsr,
481 3977 518 4056 uti
532 3981 771 4046 vosemerequiri-
856 3997 894 4028 re.
914 3983 997 4044 Atque
1016 3975 1085 4026 laud
1099 3977 1166 4037 seio,
1185 3995 1221 4027 ee
1241 3977 1271 4026 ite
1287 3973 1314 4022 sit·
1339 3997 1340 4081 q

258 4053 290 4100 tis
300 4074 322 4104 ·.
336 4055 368 4103 G.
816 4063 899 4125 Atque
907 4059 984 4120 valet,
994 4057 1168 4124 intenpeties,
1180 4069 1204 4106 et
1215 4075 1240 4106 se
1251 4057 1313 4122 ipsun

252 4167 261 4188 .
297 4147 337 4181 so.
357 4136 420 4199 Qua
440 4145 465 4183 tu
480 4131 546 4184 vicie.
567 4135 650 4186 Daris.
671 4147 773 4202 propter
817 4136 1312 4204 corrigentisestwideexempleedlegt·

314 4257 329 4292 0
