2716 4686
225 390 270 475 8lt
588 383 923 458 INTRODUCTIO.

224 507 315 600 quod
326 509 368 574 ad
387 507 711 598 comprehensionem
727 509 1035 598 perceptionemque
1051 505 1184 589 attinet,
1204 506 1288 596 paria

224 616 393 682 contrariis
410 615 444 679 in
460 615 558 680 rebus
576 613 742 680 rationum
763 611 910 702 pondera
928 611 1168 694 invenirentur,
1185 633 1289 676 asseu-

224 745 303 804 susv,
324 721 413 787 velut
429 743 447 786 a
465 719 615 785 nondum
644 720 824 808 perceptis,
853 719 1085 801 sustineretur,
1114 717 1290 806 probabilia

223 827 345 894 utenda
366 827 603 916 seligerentur:
624 825 857 914 probabilitatis
886 844 1028 913 namque
1049 823 1195 907 radone,
1224 845 1290 888 nort

223 958 316 1023 aequa
327 949 474 1023 suntpro
486 933 655 998 contrariis
673 932 839 996 tanonum
856 945 1039 1013 momenta3
1053 929 1197 994 arrident
1207 932 1290 994 enim

223 1055 256 1106 et
270 1044 400 1129 placent
414 1043 556 1114 tationes
572 1038 641 1102 alite
658 1037 728 1102 aliis
748 1037 861 1127 magis.

267 1145 322 1209 61.
340 1143 419 1227 Quo
436 1157 547 1208 autem
565 1139 665 1206 modo
681 1141 868 1208 Academici
890 1162 966 1230 erga
982 1139 1111 1206 decreta
1129 1163 1202 1229 quaa
1217 1161 1291 1229 pro·

222 1251 370 1316 baverint
381 1265 414 1314 et
424 1245 546 1314 utenda
562 1248 750 1338 selegerim,
769 1247 877 1312 affecti
891 1249 974 1330 sint,
990 1264 1217 1336 quantumque
1225 1247 1293 1310 haec

222 1357 369 1446 ipsorum
387 1353 552 1430 affection
569 1353 839 1441 Dogmaticorum
856 1375 932 1444 erga
949 1353 1080 1444 propria
1096 1353 1229 1444 placita,
1247 1351 1291 1416 af·

224 1463 364 1528 lectione
379 1476 413 1524 et
428 1459 538 1524 anirno
551 1457 698 1540 differat,
712 1481 754 1523 ex
766 1460 922 1524 Varronis
935 1459 1020 1525 libro
1036 1459 1077 1524 de
1092 1459 1294 1548 Philosophia

223 1571 265 1636 D.
282 1565 485 1656 Augustinus
508 1564 555 1652 (t)
573 1563 737 1630 indicavit.
753 1595 766 1622 α
778 1567 907 1650 Quum,
924 1565 1053 1655 inquit,
1079 1565 1240 1654 queritur
1256 1565 1294 1629 de

224 1673 425 1740 Academicis
443 1671 554 1754 novis,
581 1671 704 1759 quibus
727 1674 849 1738 incerta
870 1687 948 1737 sunt
967 1674 1094 1755 omnia,
1123 1689 1236 1737 utrum
1254 1673 1294 1736 its

225 1782 292 1846 sint
305 1802 355 1846 tes
370 1777 544 1861 habenda,
562 1779 596 1842 in
609 1779 729 1867 quibus
742 1758 1040 1868 philosophandum
1055 1794 1122 1862 est,
1140 1801 1200 1861 an,
1217 1779 1296 1844 sicut

226 1887 294 1951 aliis
310 1884 512 1976 philosophis
528 1885 668 1973 placuit,
685 1901 786 1950 certas
807 1907 860 1950 eas
879 1883 998 1950 babere
1014 1883 1209 1968 debeamus,
1232 1907 1295 1948 non

227 1993 398 2080 quaeritur,
416 1990 498 2079 quid
516 1991 550 2066 in
571 1989 652 2055 boui
673 1989 738 2054 fine
763 1991 955 2057 sectandum
973 1991 1031 2074 sit,
1053 1989 1111 2056 sed
1132 1990 1174 2056 de
1199 1990 1295 2080 ipsius

226 2098 307 2164 boni
324 2097 476 2179 veritate,
493 2095 583 2183 quod
601 2095 730 2161 videtur
746 2095 955 2182 sectandum,
970 2113 1082 2163 utrum
1099 2099 1158 2182 sit,
1179 2119 1296 2177 necne,

228 2191 471 2268 dubitandum:
489 2201 554 2265 hoc
570 2217 640 2282 est,
668 2217 706 2266 ut
727 2201 762 2266 id
781 2203 907 2290 planius
934 2203 1093 2292 eloquar,
1119 2219 1233 2268 utrum
1257 2203 1296 2266 ita

230 2305 422 2372 sectandum
435 2309 493 2388 sit,
511 2323 549 2370 ut
562 2307 620 2394 qui
635 2323 792 2392 sectatur,
810 2306 895 2374 dicat
911 2331 980 2374 esse
994 2332 1122 2392 verum;
1136 2332 1177 2374 an
1191 2309 1252 2391 ita,
1264 2324 1299 2372 ut

231 2414 289 2502 qui
308 2428 465 2494 sectatur,
482 2410 568 2476 dicat
583 2435 697 2476 verum
712 2412 774 2478 sibi
790 2413 911 2498 videri,
930 2417 1026 2480 etiam
1044 2417 1071 2480 si
1089 2417 1172 2480 forte
1190 2417 1231 2480 sit
1246 2413 1299 2479 fal·

233 2541 321 2600 sum,
339 2533 448 2582 tamen
465 2533 605 2606 uterque
627 2533 770 2582 sectetur
797 2539 903 2584 unutn
930 2536 1028 2608 atque
1054 2515 1143 2584 idem
1166 2520 1298 2586 imnum

237 2625 298 2713 [In
322 2627 375 2691 illa
396 2625 492 2690 etiam
514 2623 561 2712 (a)
584 2623 768 2690 differentia
790 2648 862 2713 quae
881 2625 1056 2691 adhibetur
1076 2649 1116 2690 ex
1139 2627 1254 2692 habitu
1270 2641 1300 2689 et

235 2730 474 2798 consuetudine
490 2731 708 2821 Cynicorum,
735 2755 805 2797 non
826 2733 983 2821 quaeritur
1000 2733 1149 2820 quisnam
1167 2735 1210 2800 sit
1233 2733 1298 2798 finis

231 2838 331 2922 boni,
345 2835 402 2902 sed
414 2852 525 2901 utrum
539 2837 573 2899 in
587 2836 643 2902 illo
654 2836 769 2902 habitu
782 2853 814 2901 et
824 2835 1061 2903 consuetudine
1076 2838 1118 2902 sit
1127 2835 1298 2904 vivendum

237 2946 284 3027 ei,
304 2945 362 3033 qui
375 2965 488 3008 verum
505 2957 645 3007 sectatur
659 2944 802 3032 bonum]
818 2976 840 3009 ·.

283 3052 335 3115 62.
347 3051 438 3114 Illam
450 3049 550 3138 igitur
564 3047 753 3138 disputandi
764 3050 799 3112 in
811 3067 985 3140 utramque
993 3069 1116 3141 partem
1128 3054 1298 3134 rationem,

239 3168 339 3245 quaet
354 3168 387 3228 ιὶς
401 3165 507 3236 tadeus
521 3165 667 3236 ὶπιχιίρησις
684 3154 802 3219 Graecis
817 3153 952 3238 dicitur,
971 3158 1145 3222 Arcesilam
1167 3160 1300 3224 tenuisse

240 3265 354 3328 Cicero
372 3259 419 3348 (3)
433 3260 554 3325 scribit.
569 3291 581 3314 ι
595 3261 680 3325 Huic
696 3262 813 3326 rationi
827 3262 972 3351 (inquit)
986 3249 1078 3352 quod
1092 3281 1160 3330 erat
1173 3287 1302 3330 consen·

240 3385 390 3444 taneum,
418 3364 555 3428 faciebat
580 3361 759 3448 [Arcesilas
771 3367 805 3454 l,
829 3383 995 3432 utcontra
1012 3368 1162 3434 omnium
1178 3387 1301 3436 senten·

241 3473 301 3536 tias
318 3469 386 3534 dies
402 3470 467 3549 jant
486 3469 659 3558 plerosque
676 3468 843 3535 diduceret
859 3471 905 3560 (4)
920 3497 927 3538 ι
944 3489 1000 3556 ιιι,
1017 3498 1121 3562 quum
1143 3477 1178 3542 in
1196 3476 1301 3541 eadem

152 3593 157 3600 “
242 3601 277 3642 re
295 3575 381 3666 paria
396 3573 563 3640 contrariis
585 3574 621 3638 in
642 3575 786 3664 partibus
806 3595 972 3644 momenta
996 3581 1159 3647 rationum
1183 3581 1301 3648 inveni·

243 3698 375 3763 rentur,
404 3678 529 3744 facilius
560 3681 601 3744 ab
628 3697 767 3771 utraque
795 3702 886 3774 parte
913 3687 1055 3752 assensio
1086 3689 1301 3754 sustineretur.

279 3829 317 3893 (ι)
335 3827 372 3874 De
383 3825 527 3887 Civitllci,
546 3825 591 3875 lib.
605 3829 659 3888 tx,
672 3841 726 3896 esp.
743 3847 766 3892 r,
779 3847 835 3897 pag.
847 3837 911 3895 410,
924 3833 941 3882 d
957 3845 981 3884 et
993 3851 1023 3896 e,
1041 3845 1101 3886 tom.
1111 3838 1169 3887 Vll.

279 3915 319 3983 (a)
336 3913 424 3962 Omnia
436 3912 501 3974 bec,
520 3915 608 3964 omissa
619 3917 765 3982 sValentia,
775 3920 901 3987 subjungit
912 3923 1053 3974 Durandus.

278 4003 317 4070 (³)
334 4001 451 4052 Acadsm.
464 4004 494 4052 sd
508 4007 612 4054 Varron.
625 4005 669 4056 lib.
684 3999 711 4066 l,
725 4023 781 4072 cap.
799 4010 837 4058 ιδ,

278 4093 318 4160 (4)
334 4090 445 4140 valentia
460 4091 553 4157 legebat
567 4092 702 4142 dissereret.
