2744 4684
73 331 1138 384 ffldfflmfflmmmffi

315 495 920 606 PROLEGOMENA

211 699 270 778 ut
305 698 633 778 arranem
667 647 1017 777 sroreonuu

413 871 483 942 AD
505 871 557 940 M.
582 871 818 942 BRUTUM.

349 1037 412 1105 (rx
425 1031 513 1090 'sue
527 1038 649 1090 somn.
663 1035 872 1103 eranum.)

466 1177 755 1208 m*-

72 1239 377 1393 ansrannonnu
393 1291 507 1358 Cicero
529 1292 564 1356 in
584 1291 669 1357 libro
685 1290 726 1358 de
742 1291 916 1358 Senectute
931 1315 1065 1358 omnem
1081 1315 1146 1359 ser·

71 1421 211 1463 monem
227 1399 273 1464 M.
289 1399 405 1463 Catoni
422 1398 579 1463 Censorio
596 1397 730 1482 tribuit,
748 1421 816 1488 quo
835 1399 991 1479 majorem
1006 1401 1147 1465 auctori·

70 1521 177 1569 tatem
195 1504 329 1570 baberet
345 1505 469 1587 oratio,
488 1504 532 1569 ita
550 1503 714 1571 Paradoxa
733 1505 774 1570 ad
791 1505 837 1571 Μ.
856 1507 993 1570 Brutum
1011 1521 1049 1571 ut
1068 1506 1146 1571 sori·

71 1611 186 1694 beret,
201 1611 375 1678 auctoritas
391 1613 500 1678 ellecit
514 1611 560 1678 Μ.
579 1612 710 1678 Catonis
725 1613 905 1696 Uticensis,
922 1613 981 1702 qui
997 1613 1146 1678 Censorii

70 1725 254 1806 pronepos,
279 1715 433 1806 idemque
457 1717 602 1801 Stoicus,
628 1719 720 1782 Bruti
742 1733 810 1782 erat
829 1719 1019 1784 avunculus.
1042 1719 1146 1802 *Cujus

71 1823 244 1912 ingenium
268 1838 302 1887 et
320 1845 427 1888 mores
452 1823 487 1886 in
514 1823 670 1888 Oratione
688 1845 749 1913 pro
772 1823 929 1907 Murena,
957 1846 984 1888 e.
1002 1845 1063 1911 29,
1088 1823 1145 1890 de·

72 1927 197 1992 scribit.
211 1929 341 1993 affinxit
355 1929 460 2013 euim,
476 1929 601 2018 inquit,
620 1945 652 1994 te
669 1927 788 2018 (Cato)
804 1929 870 2018 ipsa
888 1943 1003 1994 natura
1024 1924 1066 1993 ad
1084 1929 1147 1996 bo·

71 2035 465 2124 aestatem,gravitatem,
476 2033 1010 2125 temperantiam,magnitudinem
1026 2036 1144 2120 animi,

69 2137 244 2224 justitiam,
260 2138 302 2204 ad
315 2163 430 2206 omnes
447 2139 589 2230 denique
602 2141 736 2206 virtutes
754 2163 910 2232 magnum
926 2139 1095 2208 hominem
1111 2157 1146 2208 et

72 2245 247 2312 excelsum.
259 2247 402 2312 Accessit
413 2247 465 2312 his
482 2261 532 2312 tot
549 2246 698 2312 doctrina
714 2269 780 2312 non
799 2245 984 2332 moderata,
999 2271 1063 2314 nec
1080 2249 1145 2313 mi·

72 2351 133 2432 tis,
150 2351 229 2434 sed,
249 2366 286 2415 ut
303 2351 385 2415 mihi
399 2352 543 2435 videtur,
557 2351 667 2440 paullo
680 2353 838 2442 asperior,
851 2367 885 2417 et
899 2351 1028 2437 durior,
1045 2375 1143 2444 quam

69 2456 189 2520 veritas
214 2471 271 2521 aut
288 2471 404 2521 natura
421 2456 595 2545 patiaturve,
615 2481 723 2548 comp.
744 2457 824 2526 ibid.
842 2481 870 2524 e.
898 2457 957 2542 31,
974 2459 1027 2525 66.
1045 2461 1143 2526 Hunc

72 2561 175 2650 igiurr
194 2562 376 2650 perlectum
399 2561 543 2626 Stoicum
570 2561 701 2646 Cicero,
722 2579 762 2628 ut
785 2563 820 2627 in
844 2563 1007 2629 Prooemio
1028 2563 1141 2631 Parad.

73 2664 171 2749 dicit,
186 2665 472 2749 animadverterat,
489 2689 592 2756 quum
608 2668 643 2732 iu
661 2683 776 2734 senatu
792 2669 986 2733 sententiam
1005 2666 1143 2752 diceret,

71 2771 163 2836 locos
184 2793 295 2862 graves
313 2793 352 2836 ex
367 2771 591 2862 philosophia,
607 2789 646 2836 ut
661 2772 703 2836 de
725 2771 950 2862 magnitudine
971 2773 1088 2854 animi,
1102 2773 1143 2838 de

72 2877 290 2956 continentia,
309 2875 350 2941 de
367 2891 490 2960 morte,
506 2876 548 2941 de
563 2877 603 2942 al.
619 2891 774 2959 tractare,
791 2877 1003 2942 abhorrentes
1020 2877 1061 2941 ab
1079 2901 1143 2944 usu

72 2983 196 3048 lorensi
223 2997 257 3048 et
280 2983 427 3072 publico3
450 2983 507 3048 sed
529 2983 669 3048 dicendo
694 2983 851 3073 consequi
875 2999 1002 3066 tamen,
1025 2997 1064 3047 ut
1090 2979 1166 3050 ilta‘

73 3091 171 3153 etiam
190 3087 314 3177 populo
329 3087 509 3177 probabilia
530 3087 727 3154 viderentur.
746 3089 828 3171 Qute
845 3109 922 3152 vero
944 3086 1144 3154 admirabilia

73 3217 132 3260 seu
147 3199 284 3276 παράδοξα
300 3195 341 3260 ab
363 3195 441 3284 ipsis
464 3195 579 3261 Stoicis
601 3193 862 3284 appellabantur,
880 3195 992 3258 Cicero
1009 3194 1091 3260 vidit
1108 3196 1143 3261 in

73 3302 258 3367 Stoicorum
276 3301 469 3391 gymnasiis,
489 3301 709 3389 orationisque
726 3299 876 3366 facultate
889 3299 1068 3366 exercenda
1082 3325 1142 3368 ne·

72 3407 173 3498 gligi,
188 3407 280 3496 quasi
305 3407 375 3472 haec
395 3422 508 3472 ornate
528 3403 659 3472 dicendi
683 3407 812 3472 nullum
827 3407 937 3472 locum
956 3406 1091 3492 darent,
1109 3423 1143 3473 et

74 3535 154 3578 nea
178 3515 303 3579 Catone
320 3511 453 3602 quidem
478 3513 547 3578 siue
567 3511 781 3595 obscuritate,
801 3534 862 3577 uec
881 3529 991 3592 acuta,
1017 3513 1091 3579 exili
1110 3531 1143 3580 et

70 3619 183 3702 jejuna
204 3619 352 3684 oratione
374 3618 483 3685 efferri
503 3635 647 3706 possent.
673 3617 844 3706 Namque,
861 3633 901 3682 ut
923 3617 992 3684 Cic.
1016 3621 1061 3684 ait
1081 3642 1142 3709 pro
1177 3681 1178 3684 ,

74 3727 161 3794 Mur.
181 3751 210 3793 e.
230 3749 272 3815 29
291 3745 323 3794 et
342 3727 401 3808 30,
416 3727 497 3792 Cato
514 3727 653 3793 Zenonis
669 3728 845 3794 sententias
857 3742 891 3792 et
904 3745 1063 3819 precepta
1074 3750 1141 3792 non

75 3831 262 3923 disputandi
279 3855 391 3916 eausa,
413 3831 471 3899 sed
489 3833 537 3898 ita
552 3831 683 3898 vivendi
698 3831 878 3922 arripuerat
893 3831 1075 3913 ejusmodi:
1092 3854 1142 3896 sa·

77 3941 219 4026 pientem
233 3940 335 4031 gratia
345 3961 525 4030 numquam
538 3940 678 4023 moveri,
692 3961 873 4030 numquam
886 3941 1077 4028 cujusquam
1091 3936 1143 4002 de·

75 4045 150 4112 licto
174 4047 362 4136 ignoscere:
381 4047 546 4114 neminem
564 4045 806 4114 misericordem
825 4067 908 4129 esse,
926 4045 987 4110 nisi
1005 4041 1140 4110 stultum
