2744 4684
258 421 329 508 436
595 427 642 494 Μ.
669 427 706 494 Τ.
733 425 1040 498 CICERONIS

150 558 152 564 '
257 569 346 618 coss.
357 557 517 642 ,praetor
531 559 640 632 esset,
655 569 738 617 eum
749 549 836 644 ,qui
861 571 943 619 cum
965 573 1032 624 avo
1046 564 1130 637 tuo,
1144 549 1352 644 Luculle,

257 653 383 725 consul
404 652 490 742 fuit,
513 654 659 727 doctum
677 681 762 727 sane
781 656 985 747 hominem,
1002 673 1042 730 ut
1055 657 1210 731 iudicat
1200 651 1352 776 ipsiusi

255 761 421 850 historia,
444 765 575 862 scripta
596 789 729 862 graece,
752 768 931 861 jocantem
959 712 1088 840 dixisse
1114 769 1305 841 Carneadi:
1351 751 1352 850 i

253 879 359 997 «Ego
383 872 471 962 tibi,
493 875 691 963 Carneade,
714 890 846 973 praetor
868 899 944 947 csse
968 901 1043 948 non
1063 875 1205 966 videor,
1227 878 1352 974 quia
1351 853 1352 936 I

254 985 424 1080 «sapiens
439 1009 513 1054 non
531 1008 628 1069 sum;
651 1009 718 1055 nec
736 983 810 1054 haec
830 983 926 1069 urbs,
935 1010 1002 1057 nec
1013 988 1053 1055 in
1067 984 1132 1056 ea³
1150 989 1303 1057 civitas».
1351 979 1352 1076 i

253 1095 344 1161 Tum
371 1090 452 1179 ille,
484 1093 604 1162 «Huic
630 1093 744 1163 stoico
767 1118 843 1163 non
867 1093 1064 1166 viderisis.
1085 1085 1352 1180 Aristoteles,
1351 1139 1352 1150 2

252 1215 315 1272 aut
338 1205 578 1289 Xenocrates,
587 1225 695 1299 quos
715 1203 910 1274 Antiochus
931 1228 1034 1302 sequi
1023 1205 1218 1294 volebat,
1236 1231 1304 1277 non

251 1309 483 1382 dubitavisset
491 1313 611 1408 ,quin
626 1325 662 1381 et
678 1326 809 1409 praetor
823 1312 881 1383 ille
901 1328 1010 1400 esset,
1028 1329 1065 1385 et
1083 1319 1200 1388 Roma
1212 1315 1303 1400 urbs,
1351 1287 1352 1374 d

251 1435 287 1490 et
309 1443 386 1491 eam
414 1421 535 1491 civitas
559 1420 741 1492 incoleret.
768 1421 836 1491 Sed
863 1421 921 1494 iIIe
946 1422 1092 1495 noster⁵
1111 1439 1167 1496 est
1185 1425 1302 1524 plane,
1351 1469 1352 1528 3

248 1543 419 1626 utsupra
439 1527 533 1616 dixi,
554 1531 703 1616 stoicus,
727 1554 904 1628 perpauca
922 1531 1127 1606 balbutiens
1136 1532 1165 1603 ⁶.

186 1663 235 1717 138
297 1643 372 1709 Vos
390 1651 510 1709 autem
531 1637 619 1708 mihi
637 1641 825 1727 veremini,
843 1663 889 1711 ne
909 1640 1006 1713 Iabar
1023 1641 1067 1714 ad
1082 1647 1302 1740 opinionem,

250 1763 286 1819 et
297 1746 432 1845 aliquid
443 1747 635 1820 adsciscam
651 1761 687 1818 ct
701 1748 937 1845 comprobem
950 1753 1196 1847 incognitum,
1211 1751 1303 1850 quod

249 1859 395 1929 minime
422 1857 540 1929 vultis.
565 1855 662 1948 Quid
692 1857 829 1928 consilii
855 1857 997 1931 doust?
1025 1865 1192 1933 Testatur
1219 1885 1303 1958 saepe

250 2104 333 2154 rent»,
345 2093 435 2142 nonde
447 2093 607 2157 intromissis,
622 2093 662 2142 eed
678 2094 708 2143 de
716 2095 756 2142 iu·
800 2088 850 2136 wit
869 2089 927 2137 Em·
949 2089 1049 2138 Davisio
1066 2103 1110 2137 tue
1123 2099 1213 2154 sponte
1229 2099 1304 2136 nater

251 2171 413 2220 uomttteudts
425 2171 553 2236 inteiligit,
563 2172 598 2220 eie
611 2182 639 2219 ut
652 2173 703 2222 haec
712 2171 758 2222 At·
801 2169 945 2233 corrigente·
964 2169 1016 2218 Cio·
1029 2168 1086 2217 ideo
1099 2179 1200 2228 ποιων,
1219 2170 1302 2234 quippe

250 2249 319 2298 binus
338 2248 393 2307 bis,
413 2265 488 2312 quum
509 2265 551 2298 eos
575 2249 755 2314 introduceret,
801 2239 843 2313 qui
851 2248 1001 2298 Antiochum
1011 2247 1170 2310 eteudieset,
1183 2258 1208 2296 et
1220 2249 1246 2295 in
1253 2247 1302 2314 plu·

252 2327 340 2376 dixisse
359 2326 482 2390 putandus
504 2327 544 2376 cit.
566 2326 672 2377 Dixiueet
693 2329 756 2376 enim
800 2327 868 2375 ribus
876 2327 1008 2375 etiamnum
1026 2325 1149 2391 probaret.
1160 2328 1195 2376 G.

250 2416 336 2454 auctor
348 2405 385 2452 od
394 2405 502 2464 curiam,
517 2416 544 2453 ut
556 2405 629 2466 alibi,
639 2408 671 2457 ci.
686 2407 757 2457 Catii.
835 2405 859 2454 6.
869 2404 1237 2470 Perpazaeabatburtens.uttnm
1247 2405 1301 2454 deu

250 2486 284 2544 Π,
296 2485 326 2546 3,
337 2485 363 2543 5,
377 2484 425 2532 niei
438 2483 462 2531 in
476 2484 595 2547 Capitolio
608 2497 704 2534 senatus
715 2487 757 2535 be·
800 2485 857 2534 Ern.
871 2484 924 2534 baec
935 2495 960 2532 et
968 2485 1000 2532 ed
1011 2485 1077 2532 hunc
1087 2484 1105 2534 I.
1119 2496 1145 2532 et
1156 2486 1183 2531 iu
1192 2485 1265 2535 Cluve
1279 2499 1300 2530 r.

249 2563 316 2612 bitus
326 2563 419 2612 fuisset.
437 2563 536 2611 Senatus
550 2575 629 2613 eutem
648 2566 673 2613 in
685 2566 757 2630 Cepi·
800 2564 926 2612 balbutire.
934 2565 1031 2612 Dicitur
1037 2564 1100 2611 euim
1112 2563 1143 2612 de
1150 2563 1301 2628 philosopho,

224 2633 225 2638 ¹
248 2641 311 2690 tolio
323 2641 408 2705 legetis
428 2641 497 2690 dutus
514 2644 585 2691 etiam
597 2643 655 2691 elibi
667 2659 758 2694 memo·
801 2659 872 2692 enon
885 2653 949 2690 recte
970 2653 995 2690 et
1006 2651 1116 2690 coeunte
1135 2641 1299 2707 disputeuten,

248 2731 329 2783 ratur,
340 2721 392 2771 vid.
400 2721 452 2770 Ltv.
463 2724 539 2782 vtn,
552 2725 582 2779 5,
597 2724 700 2771 maxime
709 2724 756 2771 foe-
799 2731 827 2770 ut
840 2721 924 2770 Divin.
934 2723 957 2779 1,
973 2721 1003 2779 3,
1024 2721 1039 2768 5
1045 2755 1053 2781 ‚
1065 2721 1217 2786 «EpIcurum
1228 2720 1301 2768 bulbu-

249 2800 313 2850 derit
330 2801 453 2866 pungendi
466 2817 535 2850 ceusu
554 2802 614 2850 ibid.
628 2804 755 2861 XXXVI,
799 2799 898 2848 tientem
912 2799 942 2846 de
951 2810 1034 2847 neture
1044 2798 1176 2848 deorumn.
1190 2801 1222 2848 G.

249 2880 291 2930 65.
306 2883 336 2929 G.
835 2897 859 2940 7.
875 2881 921 2926 Vos
942 2889 1023 2926 atatem
1045 2877 1105 2925 mebi
1126 2877 1259 2930 omnini,
1276 2891 1300 2921 ne

283 2959 307 3008 3.
321 2961 373 3008 Nec
386 2959 440 3008 ltoee
453 2960 520 3022 urbs,
531 2975 576 3006 neo
585 2959 611 3007 r'n
624 2977 654 3008 ea
663 2958 755 3008 civitas.
797 2959 869 3007 labar
880 2957 919 3004 ad
928 2955 1092 3022 opinionem..
1103 2988 1110 3003 .
1129 2957 1200 3021 quod
1210 2957 1300 3004 minime

246 3041 310 3087 Vere
328 3038 381 3086 hcc
393 3036 466 3085 lectio
487 3049 540 3096 eet,
553 3038 610 3086 Iicct
622 3039 693 3087 etiem
708 3047 755 3086 tiee
798 3035 881 3084 vultis.
896 3034 961 3096 Quid
972 3033 1068 3083 consilii
1084 3033 1170 3082 dante
1183 3037 1257 3084 Hunc
1268 3035 1299 3080 Io·

246 3117 293 3164 mei
304 3117 410 3182 priorem
431 3133 476 3164 nec
489 3117 514 3163 in
532 3133 591 3164 nam
606 3127 716 3177 mutent,
731 3127 756 3165 et
798 3131 853 3162 cum
872 3115 984 3162 effectum
1003 3129 1070 3178 esse,
1091 3114 1204 3162 Lambin.
1227 3112 1299 3162 Deris

246 3193 295 3244 nrt.
309 3211 361 3242 ene
371 3193 441 3253 urbe,
452 3209 483 3241 ne
494 3192 547 3243 baec
562 3195 608 3243 civ.
615 3217 627 3237 ι
636 3195 753 3259 proebeet.
796 3191 876 3242 BeutI.
883 3193 971 3256 eIIIque
982 3197 1099 3241 statuunt.
1109 3193 1244 3241 Lambinus
1253 3192 1300 3256 qui-

247 3272 315 3336 Ssepe
330 3273 364 3320 eie
376 3289 431 3332 nec,
453 3289 484 3321 ex
495 3272 588 3339 duplici
601 3289 682 3338 comp.
695 3291 711 3322 n
730 3283 754 3320 et
797 3271 865 3331 dem,
886 3271 929 3336 qui
948 3271 1028 3320 uereri
1047 3270 1168 3319 tridentini
1186 3272 1298 3333 conjicit:

246 3365 276 3396 nc
287 3365 342 3396 cum
351 3349 388 3397 hie
394 3361 467 3414 punt.
480 3363 594 3400 mutetur.
605 3353 664 3399 Hoec
673 3363 753 3400 eutem
796 3367 869 3415 posse
880 3361 958 3397 temen
974 3349 1094 3413 vulgntm
1107 3351 1165 3398 feni
1176 3349 1299 3406 concedit,

246 3427 373 3490 repetitum
392 3444 423 3476 ex
441 3431 590 3479 correctione
607 3442 655 3490 eet,
678 3447 753 3494 quum
795 3428 903 3478 eiumihi
914 3429 1048 3476 veremIni·
1059 3443 1105 3492 pro
1115 3429 1197 3476 «mibi
1206 3428 1299 3476 timetis*

245 3520 301 3553 mea
313 3520 360 3569 pro
372 3505 397 3553 in
412 3523 442 3553 ea
454 3507 586 3572 legeretur,
605 3519 632 3557 ut
642 3509 693 3558 duo
705 3509 754 3558 mei
796 3508 911 3572 explicari
919 3507 999 3558 liceut.
1009 3507 1084 3570 Quod
1093 3523 1168 3556 nemo
1178 3507 1301 3563 dubitabit,

244 3595 354 3650 peccent.
368 3571 400 3633 'G.
795 3603 870 3650 quum
885 3585 947 3634 mitt
966 3601 1011 3650 pro
1025 3601 1080 3634 mea
1099 3601 1178 3634 eausa
1202 3585 1298 3634 dicatur.

281 3672 305 3720 4.
320 3661 383 3710 Huic
399 3663 477 3711 Stoico
487 3681 536 3715 non
548 3667 651 3716 videris.
670 3671 707 3715 Itu
721 3684 752 3716 ex
794 3665 873 3714 RentI.
890 3680 947 3712 cum
965 3679 1015 3728 quo
1036 3663 1094 3711 fecit
1107 3663 1194 3714 Deris.
1206 3665 1242 3712 sIe
1258 3679 1301 3710 mu·

243 3751 368 3792 contrecta
389 3743 498 3792 oratione
517 3759 602 3796 auctor
616 3745 752 3812 prouthi
794 3744 927 3791 tiu-vo·
947 3751 1042 3800 cunm,
1060 3742 1103 3805 qui
1124 3743 1258 3802 veremini,
1274 3757 1300 3788 ue

243 3833 270 3870 tu
283 3820 382 3886 quidem
395 3831 485 3884 praetor
498 3823 601 3885 viderim
623 3825 667 3874 sed
680 3825 750 3885 huic,
793 3821 860 3870 leber
878 3821 908 3868 ad
921 3820 1116 3885 opinationem..
1130 3856 1136 3866 .
1152 3820 1223 3883 quod
1235 3819 1300 3868 miei·

242 3901 285 3964 qui
296 3899 392 3949 Stoicus
404 3909 451 3957 eet,
468 3916 520 3948 nou
536 3900 656 3953 videris».
670 3905 703 3952 G.
716 3931 750 3940 -
793 3917 831 3948 me
845 3900 934 3959 uultis,
947 3898 1007 3963 quid
1027 3898 1124 3948 concilii
1142 3897 1248 3948 dctis?-
1259 3901 1300 3946 Per

242 3981 346 4028 Goerenu
364 3976 437 4026 stoico
456 3978 519 4026 inter
531 3979 637 4043 virgulae
650 3982 750 4046 posuit,
793 3979 931 4042 ecquidem
947 3979 1047 4042 optime.
1067 3979 1102 4027 At
1121 3976 1298 4043 opinationem,

241 4057 308 4121 quod
324 4057 420 4106 minIme
432 4071 528 4104 neoeeee
537 4067 583 4106 eet.
793 4062 861 4123 qnod
872 4057 921 4106 Ioci
934 4073 1029 4106 women
1045 4056 1152 4121 flagitem
1164 4057 1240 4105 etiem
1255 4058 1298 4104 De-

277 4139 301 4183 5,
314 4135 364 4183 Sed
377 4135 417 4184 ille
430 4145 521 4184 noster.
541 4137 580 4183 Sic
600 4125 749 4202 recte'repo·
794 4137 839 4184 vis.
849 4137 945 4195 statuit,
956 4135 1076 4200 corrigere
1082 4149 1183 4184 necesse
1197 4145 1297 4190 nouem
