2784 4666
241 327 308 426 572
577 337 624 404 ιιι.
651 337 690 403 r.
716 335 959 406 cressonis

239 473 330 546 quss
352 449 546 524 incenatus
563 453 612 524 ita
632 451 792 541 locabat,
806 469 847 526 ut
862 459 900 526 in
913 455 1061 552 singulis
1075 453 1204 526 'essent
1217 452 1300 525 bina
1376 449 1377 454 ’

238 556 355 630 media
369 561 447 656 (vix
459 563 556 634 enim
570 564 686 636 audeo
705 563 823 638 dicere
841 565 1067 654 medietates,
1086 589 1179 662 quas
1192 567 1301 635 Graeci

240 668 414 759 μεσότητας
433 667 639 766 appellant:
659 670 722 742 sed
744 673 846 770 quasi
867 673 916 744 ita
937 672 1109 758 dixerim,
1130 671 1301 768 intelliga-

239 787 318 862 tur;
337 777 405 848 erit
422 779 519 849 enim
532 779 706 878 planius).
727 786 858 854 Earum
872 783 1018 854 alteram
1031 837 1041 870 ,
1055 781 1186 854 eadem
1204 795 1301 878 parte

237 899 465 980 praestautem
485 893 669 977 extremis,
688 890 888 990 eademque
908 905 1140 988 superatam
1160 891 1304 960 alteram

240 995 318 1090 pari
340 1019 494 1069 numero
520 1013 747 1096 prestantem
772 1003 959 1088 extremis,
976 1001 1132 1098 parique
1153 1023 1305 1070 numero

240 1119 453 1202 superatam.
472 1109 720 1205 Sesquialteris
741 1125 861 1182 autem
878 1111 1095 1195 intervallis,
1114 1123 1154 1180 et
1172 1109 1308 1205 sesqui·
1377 1175 1378 1182 .

241 1217 374 1302 tertiis,
392 1231 429 1290 et
445 1223 702 1318 sesquioctavis
715 1223 869 1320 sumptis
886 1247 931 1294 ex
945 1219 1001 1292 his
1018 1217 1308 1314 colligationibus
1377 1221 1378 1224 ’

241 1325 280 1394 in
303 1327 428 1423 primis
450 1328 664 1414 intervallis,
683 1331 933 1428 sesquioctavo
955 1328 1147 1402 intervallo
1172 1330 1308 1425 sesqui·

243 1435 348 1508 tertia
364 1441 485 1510 omnia
507 1439 694 1538 explebat,
714 1465 829 1538 quum
851 1440 1063 1539 particulam
1084 1439 1308 1536 singulorum

243 1545 473 1646 relinqueret.
497 1550 583 1644 Ejus
607 1565 727 1624 autem
754 1547 962 1650 particulae⁵
984 1549 1179 1621 intervallo
1201 1546 1309 1618 habe·

243 1653 308 1728 bat
317 1681 487 1732 numerus
495 1659 540 1732 ad
552 1685 744 1732 numerum
756 1661 918 1734 eamdem
928 1662 1209 1760 proportionem
1220 1683 1310 1730 com·

244 1771 540 1868 parationemque
558 1773 596 1840 in
610 1772 799 1858 extremis,
821 1795 931 1868 quam
949 1768 1086 1842 habent
1107 1793 1214 1840 cccvi
1231 1791 1307 1837 cum

245 1905 397 1966 ccxmrn
424 1896 533 1978 atque
553 1883 610 1952 ita'
625 1884 841 1981 permixtum
863 1881 970 1966 illud,
992 1905 1035 1952 ex
1059 1905 1137 1977 quo
1155 1879 1242 1949 ?haec
1259 1901 1309 1948 se

246 1991 340 2076 cuit,
364 1991 439 2087 jam
466 2016 574 2064 omne
595 2007 875 2090 consumpserat.
901 1997 1002 2062 Hanc
1026 1991 1141 2088 igitur
1167 2010 1308 2060 omnem

245 2101 554 2194 conjunctionem,
576 2102 759 2199 duplicem
791 2104 830 2174 in
861 2099 1126 2200 longitudinem
1162 2097 1306 2176 diffidic
1378 2169 1379 2198 ζ

247 2206 447 2306 mediasque
467 2211 743 2284 accommodans
760 2209 940 2298 mediam,
963 2212 1066 2307 quasi
1084 2209 1306 2304 decussatim

247 2331 377 2438 deinde
391 2335 428 2402 in
446 2332 573 2405 orbem
587 2336 705 2423 torsit,
722 2351 761 2407 ut
777 2351 812 2406 et
827 2337 912 2433 ipsae
930 2357 1074 2418 secum,
1094 2345 1133 2400 et
1147 2333 1245 2400 iuter
1258 2353 1306 2410 se,

247 2467 294 2514 ex
312 2443 563 2532 commissura,
590 2469 670 2542 quae
697 2472 717 2518 e
744 2448 890 2544 regione
917 2458 1029 2530 esset,
1049 2443 1307 2538 jungerentur;

166 2543 174 2563 ⁸
247 2575 366 2649 eoque
385 2566 505 2639 motu,
526 2553 628 2649 cujus
650 2553 748 2626 orbis
764 2579 905 2653 semper
927 2557 964 2624 in
985 2551 1115 2624 eodem
1135 2564 1236 2634 erat,
1254 2573 1307 2620 eo·

248 2659 405 2760 demque
417 2651 527 2732 modo
540 2662 713 2751 ciebatur,
722 2665 884 2761 undique
894 2680 947 2736 est
962 2687 1020 2734 eas
1032 2661 1305 2758 circumplexus.

247 2775 367 2870 Atque
385 2773 433 2843 ita
454 2797 569 2870 quum
589 2773 743 2846 alterum
768 2789 860 2846 esset
887 2774 1129 2858 exteriorem,
1163 2771 1307 2842 alterum
1379 2831 1380 2860 .

247 3033 367 3099 inpares,
392 3049 423 3081 ex
446 3032 535 3097 quibus
560 3033 698 3100 procedunt
721 3035 759 3084 lie
802 3051 865 3100 que,
878 3033 985 3092 silibet,
998 3029 1170 3081 inusitatus
1189 3029 1220 3076 de
1233 3028 1309 3075 Μαι·

248 3114 399 3178 geometricae
409 3113 604 3178 progressiones,
616 3114 727 3178 duplices
735 3125 759 3163 et
803 3114 880 3162 de'mr'e
900 3112 942 3162 des
961 3110 1118 3176 tmcrrvpeiom
1136 3119 1210 3158 notas
1229 3107 1309 3172 quibus

249 3192 368 3257 triplices,
385 3207 445 3242 m.
464 3201 489 3250 4.
506 3195 531 3242 8.
547 3203 572 3241 et
593 3209 615 3243 1.
631 3195 654 3242 3.
671 3209 695 3256 9.
718 3209 758 3255 ²7·
804 3198 900 3242 Burette
922 3191 1053 3240 illustrrrit
1073 3205 1140 3255 opus
1164 3190 1198 3238 de
1222 3189 1309 3238 unua

250 3271 285 3318 lla
298 3281 334 3318 est
347 3271 486 3335 progressio
498 3269 631 3336 primorum
646 3287 758 3320 numero-
803 3272 935 3322 Plutarclro
949 3271 1075 3320 tributum.
1091 3271 1118 3319 J.
1131 3270 1165 3316 V.
1181 3271 1209 3316 1.
1219 3295 1255 3305 -
1265 3268 1309 3316 rtur

249 3365 318 3409 rum,
333 3367 388 3415 que
406 3363 442 3400 est
459 3353 598 3421 progressio
608 3353 759 3418 planctuum
802 3367 861 3404 vero
872 3367 924 3399 non
934 3349 1139 3416 possumus,qnin
1154 3345 1310 3396 confiteamur

249 3429 385 3478 intersere.
404 3431 496 3480 Eodem
513 3432 589 3481 modo
605 3433 703 3482 Ficinns
717 3449 760 3480 ex·
802 3431 956 3480 hteesomuia
970 3445 1021 3478 non
1028 3429 1089 3477 tanti
1099 3427 1198 3484 valere,
1211 3423 1311 3488 utquid·

250 3507 325 3573 plicat
339 3511 524 3572 proportiones,
537 3527 580 3562 seu
594 3512 687 3560 medios
702 3528 760 3577 pro·
804 3509 865 3575 quid
873 3509 905 3557 ad
918 3509 959 3556 illa
970 3505 1115 3573 explicanda
1124 3521 1254 3554 conemur.

250 3585 417 3650 portionales,
443 3590 485 3652 qui
508 3591 661 3640 inter-vellum
685 3607 760 3639 occu·
840 3581 1311 3654 5.sjusamempmicu1oetmmtte.

250 3667 406 3732 pant„iuter
419 3667 481 3717 duos
499 3681 620 3720 extreme
631 3671 760 3736 positum:
804 3669 880 3716 liceto
887 3667 982 3716 Victor.
995 3676 1019 3714 et
1030 3667 1107 3714 Junta
1120 3661 1311 3718 rddoutrelieto,

252 3745 295 3794 sed
328 3745 395 3794 illius
425 3750 609 3814 supputationes
640 3751 761 3814 longiores
805 3747 940 3812 qnodlecit
953 3744 1064 3804 Fieinus,
1077 3753 1102 3791 et
1115 3741 1311 3806 probami-

252 3835 322 3885 sunt,
341 3841 414 3889 quam
427 3836 456 3874 ut
473 3826 514 3874 hic
528 3829 646 3892 explicari
659 3829 762 3893 possint.
806 3827 887 3888 Atque
897 3823 1037 3872 Gronovius
1054 3822 1080 3869 in
1101 3823 1148 3869 MS
1170 3823 1197 3868 X
1212 3817 1310 3868 additam

253 3905 312 3954 Vid.
326 3907 354 3954 L.
368 3907 401 3954 Le
416 3905 478 3966 lisy,
498 3905 541 3954 fol.
558 3907 589 3954 δι
605 3922 659 3970 sqq.
671 3907 696 3954 in
710 3923 764 3954 ver-
807 3903 870 3952 ridit
881 3902 1005 3951 adnitere.
1029 3902 1059 3949 Et
1072 3899 1140 3965 apud
1154 3900 1251 3948 Platon.
1267 3905 1311 3944 est:

253 3983 322 4031 sione
333 3983 488 4046 Tinmtfflhi
500 3984 677 4047 explicationes
686 3985 765 4034 Ficini
808 3988 852 4042 τῆς
869 3988 912 4034 τοῦ
939 3981 1021 4052 poploe
1046 3981 1139 4038 ταύτης
1161 3973 1311 4032 διαστᾰιιιις

163 4059 164 4064 ’
255 4059 340 4122 gallice
353 4071 445 4110 vertere
460 4070 562 4108 conatus
572 4072 617 4112 eat.
631 4062 693 4110 Vide
705 4079 767 4127 quo·
808 4061 945 4130 ληφθιίσιις.
959 4061 1016 4108 Sca.
