2748 4670
243 367 314 442 356
583 375 632 440 Μ.
656 373 694 438 Τ.
722 370 972 442 CICERONIS

188 514 222 565 to
241 494 385 592 posset?
413 517 485 590 qua
511 495 619 588 igitur
647 495 796 564 notione
820 492 1066 565 discerneres?
1085 493 1213 586 Quid?
1233 498 1264 566 si
1284 497 1322 566 iu

241 601 504 699 ejusdemmodi
523 627 606 674 cera
623 617 770 673 centum
790 602 902 702 sigilla
920 602 992 674 hoc
1010 605 1147 676 annulo
1164 605 1322 702 impres-

244 741 337 803 sero,
347 709 506 813 ecquae²⁵
516 714 650 812 poterit
663 717 699 783 in
710 711 941 810 agnoscendo
953 737 1030 786 esse
1039 713 1251 786 distinctio?
1262 721 1319 786 An

244 825 309 897 tibi
323 828 392 896 erit
402 823 1208 923 quaerendusannulariusaliquis²⁶,quoniam
1223 825 1322 925 galli-

242 938 383 1006 narium
392 935 558 1006 invenisti
568 935 753 1006 Deliacum
767 934 884 1022 iilum,
894 938 959 1033 qui
968 947 1069 1007 ova²⁷
1082 939 1320 1034 agnosceret?

291 1051 436 1118 XXVII.
461 1044 530 1116 Sed
553 1045 725 1116 adhibes¹
746 1061 862 1117 artem
879 1045 1088 1117 advocatam
1111 1049 1222 1120 etiam
1238 1073 1321 1119 sen-

241 1155 353 1228 sibus.
378 1157 499 1228 Pictor
513 1156 633 1242 vidct,
654 1180 744 1252 quae,
757 1180 825 1226 nos
847 1180 923 1226 non
938 1155 1121 1244 videmus;
1138 1172 1190 1243 et,
1209 1159 1320 1229 simui

220 1266 380 1339 .inssavit
402 1263 558 1352 tibicen,
584 1290 605 1335 a
632 1267 749 1363 perito
777 1290 923 1338 carmen
948 1269 1169 1364 agnoscitur.
1195 1269 1322 1359 Quid?

242 1379 314 1450 hoc
336 1401 460 1448 nonne
485 1376 630 1447 videtur
657 1391 786 1448 contra
806 1391 842 1447 te
864 1377 1002 1466 valere,
1023 1378 1053 1449 si
1075 1380 1153 1449 sinc
1176 1383 1321 1476 magnis

242 1487 436 1572 artificiis2,
458 1485 503 1556 ad
521 1511 602 1584 quae
621 1490 727 1584 pauci
750 1485 928 1558 accedunt
951 1491 1067 1560 nostri
1087 1489 1238 1587 quidem
1258 1517 1320 1588 ge·

242 1600 347 1684 neris,
362 1597 578 1682 admodum,
605 1621 673 1668 nec
695 1595 842 1684 videre,
862 1621 930 1668 nec
952 1597 1078 1670 audire
1100 1605 1320 1698 possumus?

278 1820 322 1869 ni.
339 1818 407 1884 Quid
412 1824 426 1866 ι’
436 1819 483 1868 si...
494 1817 565 1884 impr.
577 1819 757 1884 ecquonam
802 1837 851 1868 non
865 1823 1073 1888 cognoscebantur
1089 1821 1200 1888 (gemini
1214 1823 1281 1872 inter
1295 1839 1320 1870 se

243 1907 324 1974 qnid?
344 1923 429 1972 ecqua
450 1906 594 1955 coherent:
615 1918 667 1955 esst
685 1907 760 1970 igitur
801 1902 937 1966 simillimi)
941 1901 1027 1968 soni:
1040 1903 1162 1962 otdomi,·
1176 1903 1220 1952 nisi
1233 1904 1319 1952 itidem

243 1997 300 2053 post
311 1986 374 2050 quid
383 1985 487 2050 eogendi
497 1987 593 2050 signum
604 1985 758 2046 addendum,
801 1992 883 2047 operte
891 1998 1034 2048 cognoscem
1040 1998 1087 2048 pro
1095 1999 1237 2049 agnoscere.
1245 1984 1319 2032 1³1·oe

243 2066 313 2130 quod
326 2067 402 2130 vulgo
420 2075 476 2130 post
494 2065 633 2130 impsessero
646 2055 759 2131 ponitur.
801 2062 836 2110 sic
854 2062 927 2110 etism
941 2063 1052 2128 cognitio
1070 2061 1137 2128 opud
1152 2064 1251 2112 Terent.
1269 2067 1318 2112 Eu·

242 2145 282 2193 Cf.
302 2135 371 2192 Oret.
397 2141 444 2206 do,
469 2143 526 2207 169.
547 2143 654 2193 Omnino
677 2157 758 2194 nutem
801 2141 876 2189 nuth·
894 2141 926 2200 V,
946 2142 979 2200 3,
1011 2142 1225 2193 12.1teduximus
1244 2144 1318 2207 igitur

242 2222 290 2270 hoc
312 2220 455 2280 tenendum,
478 2219 560 2285 Quid?
578 2223 599 2270 si
619 2225 758 2288 exemplum
801 2221 871 2284 prius
884 2221 1016 2285 vulgatam.
1029 2221 1138 2270 -Vide
1151 2223 1314 2286 Hermotimi,

242 2299 355 2348 addentis
369 2309 418 2356 est,
430 2314 477 2362 pro
492 2298 560 2362 Quid
571 2306 672 2349 censes?
682 2303 758 2366 poni3
802 2293 926 2364 zogique.
946 2299 1015 2369 lefon
1030 2302 1100 2359 XII,
1121 2300 1165 2348 ubi
1181 2301 1236 2350 hnc
1249 2303 1315 2351 Cice·

241 2380 334 2444 quippe
355 2375 423 2441 qood
445 2377 545 2424 verbnm
562 2379 650 2436 etism,
667 2379 715 2428 elio
731 2381 758 2429 in
801 2378 869 2425 ronis
880 2390 1021 2440 argumento
1031 2377 1168 2427 diluuntur.

241 2467 375 2515 contextu,
385 2454 444 2503 sddi
457 2454 547 2512 solem
560 2455 616 2504 ride
628 2456 682 2506 loco
691 2456 758 2524 opud
837 2449 947 2504 xxvn.
964 2472 986 2504 ι.
1001 2458 1051 2506 Sed
1060 2457 1198 2508 action...
1210 2458 1315 2524 agnosei-

242 2537 375 2600 Heusingg.
394 2535 447 2583 Osi.
463 2536 513 2592 111,
530 2535 579 2596 26,
593 2536 618 2584 8.
639 2563 673 2572 -
686 2537 759 2602 Idus·
802 2545 850 2582 tur.
865 2533 912 2584 Sed
923 2545 998 2583 ortem
1009 2553 1082 2584 voees
1093 2537 1120 2585 in
1132 2538 1251 2586 auxilium
1263 2553 1314 2586 sen·

242 2615 366 2667 dommodi
383 2615 455 2665 etiem
472 2613 522 2662 hoc
539 2615 615 2676 loco,
633 2626 659 2664 nt
678 2615 704 2664 in
722 2626 760 2664 tot
802 2611 1013 2680 sunmtdicisqne
1024 2615 1145 2680 pictorem
1158 2615 1312 2680 eidemque

242 2699 303 2756 eliis,
311 2713 357 2763 pro
369 2685 468 2761 suignto
480 2694 610 2759 ejusmodi,
620 2712 651 2742 ex
662 2695 760 2760 ingenio
803 2709 848 2741 nos
859 2709 911 2740 non
922 2693 1043 2754 sidesnns,
1056 2705 1104 2744 etc.

242 2775 353 2826 Lambini
372 2775 507 2824 necessaris
525 2769 695 2823 emendatione
711 2773 759 2824 flu·
838 2789 864 2820 n.
890 2773 986 2838 Magnis
1001 2773 1052 2821 orti
1084 2774 1162 2823 iis...
1177 2775 1311 2824 odntodsss.

241 2860 288 2907 xit.
303 2855 349 2906 G.'
802 2851 897 2917 Nempe
905 2852 931 2899 in
941 2854 1046 2917 pictoris
1056 2855 1311 2921 musicequeestepsr·

280 2937 322 2986 26.
350 2931 503 2984 Annnlarius
531 2927 627 2997 aliquis.
655 2933 760 2982 Goerens
803 2933 841 2980 tis.
869 2933 909 2981 ste
935 2931 1075 2997 frequenter
1098 2946 1187 2982 auctor
1214 2935 1310 3000 plnrinsn

242 3016 301 3065 det:
315 3038 328 3058 ι
337 3013 478 3062 ennuisrius
488 3011 564 3077 sliqui
576 3034 587 3056 s
600 3027 606 3060 :
621 3023 757 3077 notatque:
802 3027 905 3059 nurnero
917 3011 1006 3072 utitur,
1020 3029 1051 3060 ne
1064 3013 1151 3062 sitium
1165 3013 1309 3070 euhodeae,

242 3097 356 3146 Correxit
377 3091 487 3142 Hiilsesn.
514 3103 542 3141 nt
561 3107 654 3158 supro,
680 3093 760 3141 nescio
803 3105 878 3153 quum
888 3090 1309 3160 Gudorn'fieiisignoretetincod.

243 3177 298 3242 qni,
313 3177 340 3224 in
355 3193 379 3223 n.
397 3171 466 3239 qnis,
481 3172 514 3220 ite
531 3171 558 3220 h.
575 3171 593 3218 l.
608 3157 715 3238 aliquis,
730 3188 760 3221 ex
802 3169 935 3237 artificibus
957 3170 1073 3235 prebeat.
1097 3171 1194 3221 Deinde
1216 3171 1310 3220 «nostri
1367 3221 1368 3225 ,

242 3273 302 3305 sese.
312 3259 346 3304 At
355 3266 413 3304 noto
423 3253 674 3316 esthaecqnsmqnsm
684 3251 761 3300 rscior
803 3248 901 3313 quidem
912 3251 1005 3312 generis
1013 3272 1026 3292 ι
1036 3251 1116 3314 possis
1129 3251 1238 3301 Romani
1250 3249 1310 3299 intel-

242 3335 312 3382 vocis
327 3333 415 3392 flexio,
430 3344 455 3380 et
470 3341 536 3380 recte
554 3342 648 3379 serente
666 3331 718 3377 Osi.
732 3331 758 3389 1,
801 3325 888 3392 ligem
900 3339 928 3376 ut
939 3343 1003 3393 saepe
1012 3346 1091 3394 genus
1102 3347 1150 3395 pro
1161 3343 1235 3396 gente
1246 3329 1310 3395 poni·
1366 3347 1367 3352 ¹

244 3407 759 3475 is,r;ibid.11,7,1‚etnupereWoifflo
804 3417 851 3455 tur.
863 3401 956 3455 Notum
966 3409 1031 3457 enini
1041 3411 1148 3474 est,hss
1157 3423 1221 3460 estes
1230 3412 1308 3460 Romn-
1366 3437 1367 3446 .

243 3493 318 3558 Tunc.
332 3491 365 3548 V,
381 3505 428 3548 sn,
441 3491 489 3554 62,
502 3489 611 3539 seducte.
630 3489 716 3552 Neque
731 3505 759 3536 en
802 3501 849 3533 nos
871 3485 939 3552 ipsos
961 3505 1048 3554 parurn
1071 3501 1204 3550 trectense,
1224 3490 1263 3539 sed
1282 3505 1308 3536 ex

243 3581 293 3617 tsm
302 3579 390 3634 sponte
403 3567 503 3616 deiende
516 3579 568 3628 est,
582 3583 669 3633 quom,
683 3566 721 3616 vel
729 3580 759 3614 es
803 3565 896 3613 Graecie
909 3577 933 3614 et
943 3567 1053 3618 Etruscis
1062 3570 1167 3618 maxime
1180 3571 1264 3632 fuisse,
1273 3569 1308 3632 qni

243 3649 328 3714 prucis
342 3647 452 3712 scriptio,
467 3647 619 3713 reponenda,
634 3664 710 3714 quum
724 3647 759 3695 sic
803 3644 924 3709 picturum
936 3645 1022 3695 Romse
1039 3659 1188 3699 exercerent.
1205 3649 1309 3698 roton
1365 3661 1366 3678 ³

243 3727 329 3776 scribae
339 3742 392 3774 non
402 3737 511 3790 peccent.
803 3734 883 3772 nutem
903 3726 953 3774 iere
972 3723 1052 3776 Latini
1072 3729 1167 3793 genesis
1184 3741 1258 3778 erant.
1277 3726 1309 3776 (li.

279 3824 323 3868 ²7·
337 3805 708 3869 Quiovacgnoscerct.Goerens
718 3803 759 3853 dot
803 3801 901 3852 Muren.
919 3819 967 3864 n,
984 3809 1024 3854 26.
1040 3805 1088 3854 Sed
1103 3807 1160 3855 licet
1176 3807 1308 3870 etismopti·
1364 3819 1365 3828 ¹

243 3893 406 3952 cognosceret.
416 3885 453 3932 Ex
467 3883 525 3931 solis
537 3882 636 3931 dnobus
647 3884 759 3948 scriptis,
804 3892 879 3929 metes
892 3885 1059 3934 Romanorum
1078 3886 1192 3950 intelligi.
1211 3889 1308 3948 Denique
1364 3871 1365 3876 ¹

242 3967 339 4030 inquit,
359 3973 502 4028 agnosceret
526 3961 634 4009 correxit
656 3964 759 4012 Ernesti.
805 3961 955 4022 mirumst,
970 3964 1039 4027 quod
1051 3965 1181 4017 nihilintt.
1195 3965 1307 4014 deodm

242 4045 327 4091 Nostri
341 4057 439 4100 ornnes,
453 4051 482 4086 nt
494 4037 692 4086 edidimus.Vide
705 4055 760 4102 quse
805 4041 863 4088 dum
873 4055 1035 4104 monuerunt,
1044 4045 1113 4108 qnod
1126 4045 1231 4094 {nntius
1239 4044 1307 4092 vides·
1363 4057 1364 4078 ³

243 4115 759 4185 suprnnrii‚t‚monoisnus,cli.miii,
806 4129 845 4178 tur
868 4121 1048 4184 ponponium,
1076 4139 1152 4186 quum
1178 4123 1209 4172 sd
1229 4136 1307 4189 poucn
