2762 4656
298 383 547 455 ACADEMlC.
575 389 608 470 l,
629 389 763 457 LIBER
788 391 838 474 ll,
866 411 922 482 ²7·
1074 383 1141 482 357

65 509 145 572 Jam
168 501 229 572 illa
250 502 457 600 praeclara3,
482 522 620 604 quanto
635 490 791 580 'artificio
814 523 908 580 esset
928 533 1053 582 sensus
1079 537 1145 581 no·

66 627 188 700 atros,
208 627 465 712 mentemque,
492 631 528 687 et
550 631 662 689 totam
694 620 1004 690 constructionem
1026 619 1147 690 homi·-

1 771 2 777 κ
69 723 129 791 uis
154 719 496 814 fabricata-natura,
517 751 583 800 cur
601 727 701 800 noni
720 731 949 802 extimescam
973 729 1147 829 opinandi
1166 743 1199 812 87

68 833 330 905 temeritatem.
357 835 520 912 Etiamne
546 836 616 910 hoc
638 837 818 912 affirmare
836 854 958 938 potes,
979 841 1148 930 Luculle,

67 965 149 1013 esse
166 943 326 1040 aliquam
345 948 417 1016 vim
436 971 520 1017 curu
537 947 729 1045 prudentia
749 964 785 1020 et
804 949 957 1020 consilio
975 949 1109 1022 scilicet
1120 949 1148 1038 ⁵,

67 1077 152 1148 quae
167 1051 334 1139 finxerit,
349 1056 425 1144 vel,
443 1072 485 1128 ut
505 1073 569 1130 tuo
584 1058 696 1131 verbo
711 1074 804 1148 utar,
820 1085 901 1158 quae
917 1059 1089 1131 fabricata
1103 1062 1149 1132 sit

67 1164 284 1238 hominem?
315 1169 440 1258 Qualis
467 1171 534 1241 ista
565 1168 725 1244 fabrica⁶
762 1172 842 1242 est?
872 1169 936 1272 ulti
964 1169 1148 1243 adbibita?

67 1273 247 1372 quando?
269 1280 358 1350 cur?
378 1304 454 1377 quo
477 1279 613 1352 modo?
628 1285 843 1354 Tractentur
858 1284 926 1352 ista
942 1282 1148 1380 ingeniose;

68 1385 307 1485 disputantur
317 1392 425 1461 etiam
438 1391 631 1488 eleganter.
650 1394 818 1490 Denique
836 1390 1148 1478 videantursane,

68 1521 118 1568 ne
136 1497 369 1574 affirmentur
389 1500 536 1572 modot.
555 1502 625 1574 Sed
644 1501 689 1574 de
705 1501 865 1600 physicis
882 1527 991 1588 mox,
1013 1517 1050 1574 et
1068 1505 1149 1600 qui·

69 1608 156 1680 detn
176 1607 324 1681 obeam
346 1635 512 1699 causam,
531 1637 577 1684 ne
596 1629 657 1701 tu,
678 1615 745 1711 qui
766 1612 863 1684 idem
882 1637 942 1684 me
966 1612 1147 1685 facturum

69 1718 197 1816 paullo
215 1735 299 1792 ante
319 1719 467 1810 dixeris,
486 1723 630 1796 videare
645 1724 819 1794 mentitus
828 1717 854 1792 ⁸.
884 1721 954 1794 Sed
971 1737 1012 1793 ut
1026 1723 1072 1793 ad
1089 1748 1147 1808 ea,

70 1856 155 1928 quae
169 1830 321 1904 clariora
334 1848 440 1919 sunt,
461 1835 621 1924 veniam3
635 1859 693 1906 res
705 1835 779 1930 jam
794 1835 978 1906 universas
994 1832 1150 1932 profun-

70 2065 205 2129 pertineat.
219 2065 269 2114 Sed
280 2076 366 2114 auctor
377 2068 531 2116 enuntiatum
543 2085 588 2116 ro·
633 2067 808 2116 enuntiationis
843 2067 941 2131 pondus
974 2067 1150 2117 contineretur.

69 2143 255 2208 eibue,panci.
266 2179 290 2193 ..
304 2145 448 2206 admodum,
458 2147 589 2212 complecti
632 2149 684 2195 Att.
704 2148 783 2206 xttt,
802 2163 841 2210 ep.
860 2147 886 2204 3,
907 2147 942 2195 iu.
962 2147 1008 2193 ιΑ
1027 2155 1052 2193 te
1069 2144 1151 2193 literas

68 2223 164 2286 voluit,
176 2223 368 2272 utinbisbinie
381 2225 484 2274 vocibus
495 2238 588 2276 senteu-
632 2226 802 2292 exspectabam
822 2224 934 2274 nondum
953 2225 1047 2274 scilicet
1059 2245 1081 2273 ι.
1101 2225 1152 2278 Ulti

70 2303 112 2351 tiae
124 2304 162 2350 vis
174 2303 273 2352 iussam.
287 2304 326 2354 Cf.
338 2308 412 2369 negg.
426 2307 450 2363 t,
466 2323 490 2366 7,
505 2321 550 2368 at;
564 2319 590 2356 et
633 2322 703 2370 aque
711 2321 784 2370 prave
792 2315 848 2353 ante
860 2305 973 2353 nondam
983 2305 1057 2354 colon
1068 2305 1152 2370 vulga·

68 2382 158 2447 paneis
166 2383 248 2447 ραις
258 2384 302 2445 87.
315 2384 388 2432 atde
398 2386 475 2435 Plaut.
486 2387 588 2435 Mercet.
633 2396 687 2445 tur,
697 2401 787 2450 quum,
800 2401 818 2432 a
830 2396 854 2433 te
865 2383 972 2444 scilieet,
983 2400 1055 2433 sensu
1070 2385 1151 2433 cohae-

69 2463 106 2521 11,
125 2461 218 2522 s,65.
232 2463 265 2510 G.
634 2477 712 2513 ream.
724 2465 756 2514 G.
805 2463 809 2470 '

107 2543 198 2590 Sdarn
208 2540 390 2604 illaproeelara.
400 2541 493 2590 Davisii
500 2544 591 2591 enricus
671 2543 696 2592 6.
707 2544 826 2592 Fabriea.
837 2545 888 2591 Pro
898 2565 910 2585 a
918 2542 1053 2591 fabricandi
1062 2541 1152 2606 lingen-

69 2623 112 2671 ille
124 2625 183 2670 Jam
196 2620 240 2670 itta
247 2620 351 2686 physice
361 2641 370 2669 .·
382 2625 426 2672 eetl
437 2639 488 2672 non
499 2624 531 2672 ad
541 2623 593 2674 iro-
636 2623 710 2688 dique
719 2633 770 2672 erte
778 2644 792 2664 ¹·
802 2621 900 2680 dicitur,
911 2633 938 2670 ut
946 2637 1020 2686 stepe.
1030 2621 1062 2668 G.

70 2703 139 2752 niem
166 2703 194 2749 in
224 2717 286 2750 voce
307 2703 434 2767 proeelara
460 2703 591 2752 attendisse
673 2720 697 2764 7.
728 2701 838 2766 Denique
863 2699 1000 2748 videantur
1021 2715 1097 2760 sane,
1121 2717 1153 2748 rte

70 2782 180 2832 ridetur.
196 2781 267 2830 Catil.
284 2783 311 2842 1,
334 2797 375 2840 rt,
393 2783 442 2845 ²⁸3
459 2785 528 2832 Verr.
547 2785 592 2842 tv,
636 2779 791 2844 affirmetur
802 2779 883 2828 modo.
902 2778 1014 2842 Dertt'qtte
1033 2778 1153 2827 hocloco

71 2863 120 2920 43,
130 2859 174 2924 95.
185 2863 269 2924 Atque
276 2858 310 2906 ita
318 2869 405 2908 auctor
412 2860 550 2924 saepissime.
560 2861 592 2910 G.
637 2869 673 2908 eet
684 2849 852 2922 exaggerantis
861 2869 987 2923 postremo
1000 2856 1058 2905 loeo
1068 2867 1093 2905 et
1103 2857 1153 2904 fere

108 2951 135 2998 4.
143 2940 257 2992 natura,
266 2953 378 2985 curma.
390 2973 396 2984 .
407 2976 414 2991 .
425 2939 592 2988 temeritatem.
637 2938 702 2987 idem
712 2949 795 2998 notat,
805 2947 846 2996 ut,
854 2959 868 2978 α
878 2935 946 3002 quod
955 2936 1076 2999 reliquum
1086 2947 1122 2984 est
1130 2957 1151 2986 n.

69 3023 181 3070 semna
202 3028 261 3083 post
283 3027 374 3065 natura
394 3018 492 3087 signum
512 3015 594 3067 excla-
637 3017 677 3068 Οἱ.
693 3021 771 3066 aoso.
790 3020 846 3066 Am.
864 3016 983 3076 37‚1ot.
1003 3017 1050 3062 Pro
1064 3015 1152 3078 Quint.

69 3097 158 3148 mandi
180 3098 268 3164 ponit,
291 3095 401 3146 lliilsem.
427 3115 546 3163 sequens,
566 3109 591 3147 et
636 3099 680 3158 ab,
694 3104 736 3158 pt.
752 3095 981 3144 Videantttrautem
995 3094 1152 3158 passivepo·

70 3191 130 3244 poet
141 3175 316 3236 temeritatem,
329 3178 425 3241 signum
439 3178 592 3242 interrogan-
635 3178 702 3226 nitur
717 3191 764 3240 pro
777 3174 939 3239 explicentur,
957 3183 982 3220 et
999 3189 1030 3221 ex
1048 3175 1152 3238 opposi-

70 3261 107 3310 tli.
122 3258 206 3308 Nobis
215 3266 297 3305 autem
307 3257 376 3304 facile
384 3259 502 3305 sententia
513 3257 591 3322 expli·
636 3257 704 3305 tione
712 3255 737 3302 h.
749 3255 766 3303 l.
774 3252 907 3318 probentur
918 3262 1004 3300 notat:
1017 3267 1069 3317 quo
1079 3269 1152 3301 sensu

70 3339 123 3387 cari
137 3351 212 3401 posse
226 3333 323 3382 videtur
336 3350 386 3382 nou
400 3333 501 3384 admissa
515 3335 591 3382 inter·
636 3334 738 3400 etepius,
752 3355 764 3376 ι
774 3330 908 3382 videndum
919 3331 982 3380 illud
996 3344 1067 3392 est»,
1078 3334 1152 3396 porti·

70 3415 211 3482 rogationis
241 3424 308 3461 uota.
336 3415 432 3478 Nempe
457 3414 591 3478 intellige:
637 3425 684 3462 tur.
697 3413 768 3462 ttthtt
780 3413 855 3476 igitur
868 3421 986 3476 opus,ut
999 3427 1056 3460 cum
1066 3413 1150 3461 Duris.

70 3501 129 3546 Jam
142 3497 191 3544 ista
202 3493 533 3562 scilicetqttarrtoarttflet'o,
546 3503 593 3540 etc.
633 3493 768 3559 probentur
790 3491 904 3555 corriges.
927 3491 958 3540 G.
981 3519 1016 3528 -
1036 3494 1153 3541 Putamus

70 3575 192 3641 preclara
208 3583 267 3620 sunt
285 3587 345 3630 cur,
362 3573 455 3631 idest,
478 3573 595 3638 praeclare
638 3585 717 3622 antem
735 3571 871 3620 videantur
882 3569 918 3618 ibi
934 3571 1071 3636 significare
1087 3573 1153 3620 idem

71 3655 176 3714 valent,
191 3665 297 3700 cernon
308 3653 462 3700 extimescam
477 3651 595 3716 opinandi
639 3670 667 3702 ae
681 3676 694 3696 α
703 3651 839 3718 probabilia
853 3651 1021 3714 videntum,
1045 3663 1074 3705 nt
1087 3653 1153 3702 dicat

71 3733 246 3784 temeritatem.
638 3730 1150 3794 auctor:ttoetinhtseonjectunstacera
1190 3761 1193 3766 ,

109 3815 138 3864 5.
148 3813 211 3860 Esse
219 3810 330 3874 aliquam
339 3811 390 3859 vim
399 3829 453 3860 cnm
461 3810 594 3876 prudentia
638 3827 690 3860 nou
698 3810 809 3876 proliteri
820 3826 847 3857 ee
855 3813 917 3859 seire
927 3810 1028 3876 aliquid.

70 3907 96 3943 et
120 3891 227 3942 coasilio
252 3888 357 3939 scilicet.
379 3891 495 3954 virgula,
521 3905 594 3953 rugo
675 3891 699 3938 8.
712 3890 939 3940 immittendae.
951 3891 1153 3940 Davimmenti·

70 3985 133 4040 post
145 3971 202 4020 vim
212 3967 313 4028 addita,
324 3969 425 4018 delenda
441 3981 506 4028 erat,
520 3985 594 4034 quum
640 3981 679 4018 tue
688 3985 748 4019 ease.
761 3972 795 4018 Ut
803 3969 835 4020 ad
845 3987 873 4019 ea
886 3992 906 4018 ι.
920 3973 951 4020 At
966 3971 1027 4018 male
1038 3969 1063 4018 h.
1074 3968 1092 4016 l.
1102 3985 1153 4016 esse

70 4053 166 4102 scilt'cet
175 4049 208 4097 ad
218 4064 272 4097 esee
284 4047 408 4111 reseratur,
419 4049 476 4098 ideo
489 4050 515 4096 in
528 4049 594 4097 clett-
639 4051 789 4100 claudicarit.
796 4050 874 4098 Valde
883 4061 963 4099 tumen
972 4049 1051 4114 placet
1059 4045 1152 4106 abjecta

68 4135 125 4183 sula
145 4131 243 4197 posita,
262 4139 291 4176 ut
308 4129 334 4176 in
352 4128 501 4178 biednobus
515 4140 594 4178 totum
640 4141 705 4195 part:
726 4132 776 4181 Sed
783 4150 793 4190 ;
818 4147 890 4197 quatu
916 4131 986 4179 toties
1008 4125 1157 4182 iaculamur
