2786 4674
364 362 871 440 OEcouomcou.1.1n.1.
1074 363 1146 467 639

89 491 134 564 ad
158 491 392 563 domesticam
413 487 651 586 diligentiam,
679 491 745 560 viri
768 503 889 562 autem
909 489 956 561 ad
974 495 1145 566 exercita·

91 605 227 674 tionem
245 597 426 672 forensem
445 613 482 670 et
499 614 716 670 extraneam.
747 605 874 696 Itaque
894 602 973 672 viro
991 603 1146 693 calores,-

89 728 125 786 et
143 711 277 810 frigora
292 709 542 808 perpetienda,
558 724 638 781 tum
656 710 763 782 etiam
782 710 927 798 itinera,
948 725 984 782 et
1003 711 1148 785 labores

88 823 187 922 pacis
206 845 248 892 ac
264 819 370 908 belli,
386 817 425 890 id
441 833 513 906 est,
530 820 786 906 rusticationis,
807 832 845 891 et
863 819 1070 907 militarium
1085 824 1148 893 sti·

89 930 329 1031 pendiorum,
349 927 550 1017 distribuit,
575 927 718 1002 mulieri
736 928 934 1027 deinceps,
946 930 1047 1028 quod
1067 953 1148 1002 om·

89 1041 200 1114 nibus
214 1040 271 1111 his
285 1037 396 1111 rebus
413 1036 547 1112 lecerat
562 1037 777 1123 inhabilem,
795 1038 989 1112 domestica
1005 1042 1149 1138 negotia

89 1149 250 1224 curanda
268 1148 454 1220 tradidit9.
471 1153 562 1222 ..Et
576 1150 750 1246 quoniam
768 1149 867 1221 hunc
883 1175 1008 1221 sexum
1028 1165 1149 1223 custo·

91 1261 160 1332 diae
190 1274 227 1332 et
255 1258 448 1357 diligentiae
462 1259 737 1355 assignaverat,
769 1257 904 1330 idcirco
934 1259 1150 1332 timidiorem

90 1366 554 1466 reddidit,quam.virilem;
571 1391 654 1439 nam
669 1367 995 1465 metusplurimum
1010 1367 1150 1442 confert

90 1478 135 1551 ad
155 1477 376 1575 diligentiam
392 1475 629 1548 custodiendi.
649 1475 758 1568 Quod
773 1490 894 1549 antem
913 1501 1060 1550 necesse
1073 1492 1149 1550 erat

91 1588 181 1660 loris
203 1588 295 1658 etin
313 1602 439 1684 aperto
457 1589 592 1658 victum
611 1584 858 1683 quarentibus
875 1611 1151 1685 nonnumquam

91 1698 261 1794 injuriam
277 1697 507 1795 propulsare,
521 1695 657 1768 idcirco
672 1698 809 1784 vnum,
821 1719 931 1792 quam
946 1697 1152 1785 mulierem,

92 1805 179 1878 lecit
199 1803 438 1878 audaciorem.
462 1807 557 1898 Quia
573 1826 668 1877 vern·
681 1807 791 1903 partis
816 1803 947 1904 opibus
964 1831 1065 1904 seqare
1082 1805 1153 1880 luit

92 1941 187 2015 opus
212 1919 385 1988 memoria
404 1930 442 1988 et
465 1914 673 2010 diligentia:
691 1939 767 1988 non
791 1915 969 1988 minorem
991 1915 1152 2005 feminae,

92 2050 203 2124 quam
217 2028 436 2114 viro,earum
445 2049 567 2097 rerum
579 2022 708 2096 tribuit
717 2025 996 2121 possessionem.
1012 2079 1020 2095 .
1035 2079 1044 2096 .
1060 2029 1156 2096 Tum

92 2139 220 2222 etiam,
239 2132 340 2231 quod
359 2133 510 2233 simplex
525 2148 654 2205 natura
674 2157 750 2204 non
769 2157 895 2206 omnes
912 2159 970 2207 res
989 2157 1151 2207 commo·

91 2244 198 2316 das¹⁰
213 2244 380 2343 amplecti
394 2243 552 2331 volebat,
568 2241 704 2314 idcirco
722 2243 875 2331 alterum
893 2243 1040 2318 alterius
1056 2244 1154 2316 indi-

91 2377 179 2450 gere
192 2353 323 2442 voluit3
340 2354 531 2450 quoniam,
553 2351 654 2450 quod
667 2351 769 2425 alteri
787 2351 907 2443 deest,
927 2369 1061 2454 praesto
1077 2357 1153 2454 ple*

92 2485 253 2558 rumque
276 2474 330 2532 est
350 2459 463 2532 alteri.

141 2574 232 2642 Nam
252 2585 363 2642 vetus.
379 2584 433 2642 est
451 2568 683 2672 proverbimn
696 2577 742 2660 ¹¹,
765 2585 1013 2669 paupertatem
1034 2573 1157 2646 certis-

90 2679 220 2751 simam
230 2703 324 2769 csse,
335 2689 451 2777 quum
465 2679 614 2776 alicujus
629 2680 807 2777 indigeas,
820 2681 874 2751 uti
888 2704 932 2752 eo
945 2705 1023 2751 non
1032 2705 1156 2779 posse,

91 2790 181 2886 quia
204 2791 408 2888 ignoretur,
435 2789 498 2861 ubi
517 2789 719 2887 projectum
737 2789 871 2882 jaceat,
895 2787 996 2886 quod
1014 2789 1155 2864 deside*

92 2913 242 2970 retur...
267 2903 395 2997 ltaque
421 2903 460 2970 in
484 2922 524 2970 re
541 2896 706 2970 lamilian'
725 2897 940 2972 laboriosior
962 2915 1016 2970 est
1039 2902 1154 3000 negli-

91 3011 234 3104 gentia,
256 3032 364 3105 quarn
384 3005 621 3107 diligentia¹².
643 3009 735 3102 Quis
758 3010 855 3080 enirn
878 3007 1043 3099 dubitet,
1063 3011 1156 3084 nihil

130 3317 157 3365 9.
186 3300 321 3350 Domestica
344 3317 398 3367 neg.
421 3317 472 3352 cur.
495 3299 603 3352 aaut.
685 3316 725 3352 ro.
747 3271 901 3352 commlm
922 3301 1073 3370 Schneider,-
1090 3321 1155 3356 cont·

93 3379 163 3428 Idem
175 3380 224 3428 lere
232 3378 349 3444 expressit
361 3391 455 3429 nostrat
468 3381 601 3438 Ronmart,
647 3379 726 3430 mode.
738 3383 843 3429 Frustra.
855 3383 881 3432 J.
893 3373 923 3429 V.
936 3383 964 3432 L.

94 3458 210 3506 Discours
217 3457 401 3524 surt'tatgalut
406 3459 449 3508 des
456 3457 603 3507 eonditum.-
685 3473 727 3509 11.
741 3460 808 3508 Nom
821 3470 894 3508 antus
905 3469 942 3507 ast
949 3475 1018 3524 pror.
1029 3461 1050 3510 Ε
1060 3461 1158 3517 (ἶοΙυιιι.

92 3535 259 3586 «L'bahitude
284 3535 314 3585 de
339 3535 407 3585 vivre
432 3535 553 3584 ensemble
575 3535 605 3586 lit
647 3539 819 3604 111,2.1tna
828 3539 923 3587 suntin
936 3540 1159 3606 Xenoph.0Econ.

93 3613 172 3664 mitre
191 3614 225 3662 lea
242 3614 299 3680 plns
314 3615 383 3664 doux
399 3615 540 3662 sentimenta
561 3615 604 3678 qui
646 3604 909 3687 v111,2:tl<rptv
929 3615 976 3690 γὰρ
998 3620 1071 3673 πενία
1091 3623 1157 3679 mim

93 3693 175 3740 soient
188 3709 282 3742 conum
300 3693 342 3742 dos
361 3693 485 3753 hommes,
503 3692 606 3742 l'amour
648 3695 742 3764 σαφὴς,
772 3697 799 3748 ri
818 3691 934 3766 dto'ptm'v
957 3717 1018 3760 τινος
1038 3699 1072 3770 pri
1094 3701 1158 3768 ἱχιιν

91 3770 208 3834 conjngal
223 3781 246 3819 ot
256 3770 360 3820 l’amonr
373 3771 505 3836 paterno..
516 3805 540 3822 ..
559 3773 605 3820 aa
647 3777 758 3843 χρῆσθαι.
777 3773 843 3824 Edit.
851 3778 884 3824 V.
898 3775 937 3825 Cl.
949 3777 1022 3837 Gall,
1035 3789 1095 3827 tom.
1105 3781 1157 3838 w,

94 3848 193 3896 femme·
204 3847 330 3899 detinmnt
340 3849 396 3914 plns
408 3847 567 3912 addentcirec,
580 3861 604 3900 et
647 3870 676 3918 p.
692 3855 753 3910 διά.
764 3854 790 3902 J.
798 3856 831 3902 V.
843 3857 872 3904 1.

92 3926 335 3978 s'aocontumerenti
347 3927 433 3992 garder
443 3929 466 3978 la
477 3929 567 3978 cabtne
580 3939 604 3978 ot
686 3948 728 3981 ra.
739 3931 914 3986 laboriosior...
921 3947 994 3997 quma
1004 3931 1047 3982 dil.
1057 3934 1106 3982 lut.
1114 3949 1157 3984 no·

94 4003 130 4052 lea
142 4005 248 4066 enirnta,
262 4005 343 4056 tandin
354 4021 401 4070 qne
411 4007 526 4058 l’homme
537 4007 605 4057 alluit
648 4009 763 4074 gligentia
771 4011 887 4075 majorem
895 4011 960 4079 parit
968 4009 1075 4059 laborem
1084 4027 1158 4076 qnam

94 4083 393 4136 chercherlasubaiatancc
401 4098 605 4150 conmonuem-
649 4085 795 4154 diligentia,
819 4090 876 4155 qnia
900 4087 1002 4152 diligata
1026 4102 1158 4154 ammam
