2776 4688
255 378 302 450 30
625 376 955 448 INTRODUCTIO.

250 499 416 594 profundo
427 499 591 566 veritatem
606 519 675 564 esse
687 497 885 580 demersam
897 499 1105 587 opinionibus
1118 517 1152 566 et
1163 503 1325 572 institutis

254 609 364 674 omnia
376 604 719 686 teneri,nihilveritati
730 604 1047 695 relinqui,deiucaps
1058 609 1168 673 omnia
1178 610 1325 676 tenebris

253 715 446 782 circumfusa
461 733 545 794 esse,
564 711 718 779 dixerunt
729 740 754 776 ·.

297 821 326 887 8.
351 820 488 886 Unioam
510 841 588 908 ergo
609 833 736 885 tantum
756 817 979 901 Academiam,
998 819 1090 900 cujus
1108 821 1271 908 originem
1293 841 1326 886 et

250 927 476 1015 antiquitatem
489 949 507 990 a
523 925 654 990 Socrate
667 924 884 1012 Platoneque,
901 925 1065 990 autetiam
1081 925 1323 1015 antiquioribus

251 1047 419 1122 repetunt,
441 1030 626 1096 Academici
648 1028 851 1113 concedunt,
875 1030 955 1096 nihil
977 1047 1052 1119 post
1072 1031 1243 1099 Platonem
1265 1053 1322 1100 aut

250 1140 291 1206 ab
312 1137 466 1219 Arcesila,
492 1151 549 1200 aut
571 1137 612 1202 ab
637 1136 699 1200 alio
722 1158 761 1202 ex
785 1135 1025 1203 successoribus
1047 1153 1203 1204 novatum
1227 1140 1322 1204 l'ateri

249 1246 463 1323 volunt:·ut‚
489 1241 597 1330 paullo
622 1259 695 1331 post
721 1242 807 1323 haec,
834 1265 907 1331 quae
933 1240 1178 1331 adscripsimus,
1204 1245 1321 1310 Cicero

250 1350 361 1416 scribit
380 1352 392 1424 l
397 1347 436 1434 1).
467 1377 480 1404 ‹
493 1349 603 1428 Hanc,
628 1348 753 1436 inquit,
772 1347 979 1414 Academiam
1001 1371 1118 1412 noram
1136 1350 1319 1437 appellant,

248 1478 320 1543 qua·
339 1454 418 1520 mihi
435 1469 529 1518 vetus
543 1453 688 1536 ridetur,
710 1453 872 1542 siquidem
890 1454 1057 1518 Platonem
1077 1478 1117 1518 ex
1138 1455 1190 1519 illa
1207 1472 1319 1520 vetere

248 1581 475 1640 numeramus,
492 1573 553 1624 etc.
564 1589 577 1616 a
594 1559 668 1648 Ipse
687 1559 781 1624 Philo
801 1558 865 1646 (de
884 1582 951 1647 quo
967 1582 1035 1624 non
1052 1559 1199 1634 modicus
1219 1560 1318 1625 nobis

246 1667 378 1734 futurus
403 1681 452 1730 est
475 1663 583 1747 labor,
611 1666 733 1753 quique
759 1687 895 1754 magnus
923 1666 956 1730 in
980 1665 1152 1731 Academia
1177 1684 1319 1732 novator

246 1773 345 1840 fixisse
360 1770 574 1861 perhibetur)
590 1771 719 1859 negarit
733 1800 746 1826 ι
758 1769 838 1836 duas
853 1770 1041 1838 Academias
1057 1793 1141 1853 esse,
1155 1793 1318 1838 errorem·

245 1903 309 1969 que
325 1903 459 1962 eorum,
482 1879 539 1967 qui
555 1879 600 1944 ita
615 1894 788 1967 putarunt,
804 1878 949 1967 coarguit
963 1877 1009 1966 (u)
1019 1909 1041 1942 n.
1058 1877 1262 1960 Plutarchus,
1279 1879 1315 1944 in

244 2010 283 2051 co
311 1985 413 2060 libro,
440 2006 539 2072 quem
563 1985 597 2048 in
621 1985 769 2048 omnium
795 1983 1066 2072 philosophorum
1089 1983 1316 2050 defensionem

244 2090 397 2156 adversus
415 2090 580 2172 Colotem,
604 2090 735 2177 Epicuri
758 2088 957 2173 auditorem,
980 2091 1124 2178 scripsit,
1142 2113 1246 2178 quum
1272 2091 1316 2154 ab

243 2198 385 2285 Epicuro
401 2196 580 2283 Coloteque
596 2196 760 2264 contrario
776 2195 908 2260 convitii
927 2219 1044 2284 genere
1060 2197 1198 2285 petitum
1212 2200 1315 2263 Arce-

244 2303 334 2368 silam
352 2300 484 2380 referat,
503 2303 595 2388 quasi
613 2301 670 2388 qui
686 2301 817 2388 antiqua
832 2323 870 2366 ac
888 2302 1022 2370 minime
1036 2304 1166 2390 propria
1183 2301 1315 2368 decreta

242 2431 304 2497 pro
322 2407 414 2474 noris
431 2429 469 2472 ao
482 2409 548 2474 auis
562 2407 758 2488 venditaret,
773 2430 875 2495 eaque
887 2410 1010 2475 ratione
1023 2409 1110 2497 apud
1123 2409 1312 2474 illiteratum

242 2513 358 2600 vulgus
374 2509 502 2576 laudem
523 2534 560 2576 ac
582 2511 715 2600 gloriam
738 2529 968 2599 aucuparetur3
991 2512 1105 2602 gratias
1126 2535 1160 2579 se
1183 2511 1223 2576 de
1244 2513 1314 2580 hoc

241 2635 275 2682 et
287 2617 407 2682 Colotes
419 2617 515 2682 etalii
530 2616 676 2698 cuilibet,
688 2616 745 2703 qui
756 2617 953 2685 Academica
964 2617 1138 2706 disciplina
1148 2618 1311 2690 rationem

239 2723 374 2812 antiqua
384 2723 589 2788 successione
602 2722 636 2790 in
646 2720 819 2791 Arcesilam
830 2721 1002 2791 derivatam
1012 2723 1176 2806 ostendat,
1188 2723 1311 2791 debere

239 2851 273 2894 se
285 2846 319 2894 et
328 2851 423 2918 agere
433 2830 487 2894 ait.
500 2831 613 2916 ltaque
620 2827 808 2910 Arcesilam,
821 2829 878 2915 qui
889 2852 980 2894 novae
990 2829 1167 2899 Academiae
1180 2830 1310 2920 primus

237 2951 353 3000 auctor
374 2934 537 3023 plerisque
563 2933 723 3014 creditur,
748 2933 810 3021 ipsi
832 2933 900 3012 ejus
924 2952 1095 3002 sectatores
1121 2936 1201 3003 nihil
1227 2939 1307 3004 novi

160 3109 164 3122 ,
236 3039 395 3122 attulisse,
413 3039 574 3104 obstinate
593 3023 820 3104 contendunt:
839 3039 900 3104 nisi
916 3039 997 3106 illud
1011 3042 1163 3126 fortasse,
1180 3042 1270 3129 quod
1287 3068 1308 3110 a

236 3148 368 3210 Zenone
385 3147 527 3236 primum
548 3146 794 3235 pronuntiatum
817 3145 887 3234 ipse
910 3149 1074 3235 probarit,
1094 3148 1210 3233 idest,
1227 3149 1307 3216 Non

235 3255 436 3340 opinaturum
463 3255 650 3341 sophistem,
672 3252 705 3316 id
727 3268 792 3334 est,
818 3275 884 3319 non
907 3276 1113 3322 assensurum
1132 3255 1304 3344 incognito

234 3371 291 3420 aut
303 3356 513 3446 impercepto.
530 3359 613 3422 Nam
626 3357 721 3422 Nihil
731 3379 794 3422 esse
808 3358 894 3446 quod
901 3361 1024 3448 percpi
1033 3367 1146 3447 possit,
1161 3361 1304 3426 Socratis

233 3461 457 3549 Platonisque,
480 3476 576 3550 atque
594 3463 815 3550 antiquiorum
838 3463 932 3530 etiam
955 3466 1191 3556 complurium,
1215 3487 1302 3554 quos

234 3567 301 3655 ipse
324 3582 533 3653 sequeretur,
552 3569 745 3632 sententiam
764 3589 833 3631 esse
852 3569 1006 3634 Arcesilas
1022 3568 1217 3634 adstruebat.
1241 3572 1300 3634 His

231 3694 309 3736 raro
328 3671 458 3736 duobus
478 3675 607 3762 positis,
629 3675 706 3740 Non
721 3678 922 3762 opinaturum
936 3683 1122 3765 sapientem,
1140 3693 1190 3758 et,
1206 3677 1304 3742 Nihil

227 3781 351 3867 percipi
358 3803 448 3868 posse
455 3827 465 3858 ,
486 3783 664 3848 necessario
681 3796 774 3864 ἐποχὴ,
789 3779 902 3865 idest,
917 3783 1156 3874 approbationis
1169 3791 1300 3851 retentio

231 3905 268 3948 ac
294 3887 500 3965 centinarisia,
533 3891 800 3978 consequebatur.
833 3893 906 3975 Qua
934 3891 1027 3954 ctiam
1057 3890 1197 3967 ratione,
1228 3913 1297 3955 non

265 4026 303 4093 (ι)
322 4026 373 4074 Cic.
390 4027 466 4074 Acad.
479 4026 562 4088 lib.1,
576 4045 631 4094 cap.
651 4034 690 4084 ra.

263 4113 300 4177 (a)
319 4113 372 4164 Cic.
385 4114 465 4163 Acad.
479 4115 522 4164 lib.
536 4120 560 4176 Ι,
573 4133 628 4184 cap.
644 4127 667 4175 t.
