2786 4674
519 383 715 454 TlMAEUS.
1068 381 1141 454 603

71 506 156 565 rauti
171 504 266 566 simile
283 503 400 564 tandem
416 503 555 577 audant,
571 505 808 583 familiariterque
820 523 886 562 cum
899 504 1009 563 uictore
1025 524 1143 585 perma-

70 610 186 657 neant:
201 597 351 656 enimvero
366 615 420 674 per
432 595 483 656 bas
495 598 642 676 passiones
654 597 736 656 sedes
749 596 874 655 vicissim
888 609 992 654 cuncta
1008 615 1140 656 commu·

9 684 12 693 ’
72 703 159 750 unt:
176 689 289 769 generis
300 709 426 768 namque
438 689 592 768 cujuslibet
607 690 804 750 multitudines
817 707 870 768 per
880 690 974 747 locum
989 690 1148 767 proprium

74 783 315 859 dbtmguuntur,
337 781 377 840 ob
391 781 467 842 sedis
482 777 573 861 ipsius
587 781 772 862 agitationem
789 805 796 840 :
818 799 883 861 quae
901 782 978 839 vero‘
989 780 1140 840 dissimilia

74 874 204 932 invicem
222 873 299 932 facta
315 885 396 943 sunt,
410 888 533 953 propter
549 877 668 935 fluctum
692 875 968 953 wncnmionemque
990 873 1027 932 ad
1043 875 1139 936 locutu

75 984 202 1036 eorum,
216 963 323 1042 quibus
335 965 438 1026 similia
450 987 585 1038 evasere,
603 949 744 1027 lerunmr.

117 1061 254 1136 Corpora
271 1057 360 1135 igitur
371 1059 501 1118 immina
514 1080 549 1118 ac
562 1061 656 1139 prima
670 1083 705 1120 ex
718 1063 811 1121 cursis
824 1059 990 1137 hujusmodi
1002 1057 1141 1118 lubricosa

76 1163 167 1212 suut:
182 1149 263 1227 quod
278 1165 373 1210 auteur
391 1153 421 1210 in
440 1171 542 1211 eorum
559 1153 710 1232 speciebus
735 1155 791 1213 alia
817 1173 935 1232 quoque
955 1152 1052 1211 innata
1075 1163 1143 1208 suut

77 1261 208 1320 genera,
224 1255 365 1302 causaest
380 1243 514 1303 elementi
528 1245 678 1325 utriusque
690 1246 876 1319 constitutio,
893 1265 959 1323 qnae
975 1264 1035 1304 non
1048 1243 1140 1302 solum

76 1330 117 1390 ab
138 1331 224 1390 initio
243 1351 333 1391 mum
354 1353 421 1392 eum
439 1335 634 1414 magnitudine
649 1338 822 1417 triangulum
836 1339 966 1417 peperit,
988 1336 1039 1396 sed
1054 1337 1140 1394 etiam

76 1423 193 1500 majora
210 1437 242 1483 et
263 1426 388 1496 minora,
414 1440 457 1485 tot
470 1427 587 1505 quidem
605 1449 742 1500 numero,
759 1443 830 1508 quot
846 1431 875 1488 in
901 1428 1051 1508 speciebus
1071 1438 1140 1485 sunt

77 1533 207 1594 genera:
222 1530 401 1596 quapropter
411 1518 502 1578 mixta
513 1520 574 1580 bac
588 1521 617 1579 in
631 1541 663 1580 se
678 1523 748 1601 ipsis
761 1535 850 1599 atque
862 1521 985 1580 invicem
995 1509 1139 1578 infinitam

78 1607 191 1668 babent
202 1609 369 1674 varietatem
382 1631 390 1668 :
405 1613 487 1689 cnjus
505 1613 613 1690 peritos
632 1634 694 1673 esse
708 1633 759 1672 eos
773 1625 902 1692 oportet,
921 1609 1022 1691 quide
1038 1623 1142 1669 natura

78 1713 149 1761 aunt
163 1700 303 1760 rationem
317 1701 497 1780 probabilem
511 1703 663 1764 reddituri.

121 1793 215 1872 lgimr
228 1792 284 1852 nisi
295 1795 375 1873 quis,
389 1815 448 1874 quo
462 1808 549 1874 pacto
566 1809 674 1856 etcum
687 1795 794 1874 quibus
810 1815 869 1855 uua
894 1807 990 1854 motus
1013 1804 1043 1851 et
1068 1809 1143 1854 con·

79 1885 195 1946 stitutio
221 1886 288 1956 fiat,
316 1899 395 1946 certe
424 1881 694 1966 comprehenderit,
726 1889 817 1947 multa
848 1883 1052 1965 disputationi,
1076 1901 1143 1959 qnae

78 1989 205 2036 maneta
214 1989 307 2056 tergo,
320 1977 528 2056 impedimento
541 1981 638 2040 sumre
645 1981 779 2040 videntur
789 2003 796 2038 :
807 1979 897 2060 debis
909 1975 1013 2057 partim
1022 1973 1142 2053 quidem

79 2069 193 2128 dietum
212 2082 273 2141 est,
295 2073 400 2149 partim
417 2089 487 2130 vero
504 2085 594 2132 reatu
609 2073 762 2132 dicendum
776 2094 784 2130 τ
798 2073 829 2130 in
848 2073 911 2149 ipsa
926 2071 984 2128 leni
999 2071 1143 2148 plenaque

80 2173 188 2222 natura
201 2173 297 2221 motus
312 2181 373 2222 csse
385 2183 542 2242 numquam
558 2167 632 2224 solet
644 2187 651 2222 :
665 2185 732 2223 uam
748 2164 914 2243 agitandum
926 2161 1035 2242 absque
1052 2163 1143 2240 agita·

81 2267 152 2312 tum
169 2255 216 2314 vel
229 2253 402 2332 agitaturum
416 2257 525 2335 absque
541 2257 676 2336 agitando
696 2257 813 2316 difficile
826 2271 884 2326 cst,
907 2257 996 2316 immo
1010 2254 1145 2334 impossi-

80 2345 161 2417 bile,
173 2347 315 2425 reperiri:
329 2361 424 2406 motus
435 2361 531 2407 autem
546 2349 650 2408 borum
660 2350 787 2409 omnium
800 2348 919 2408 minime
928 2361 987 2406 est:
1000 2347 1146 2405 haecsero
1162 2365 1163 2368 ¹

80 2438 159 2496 lenia
172 2440 315 2516 planaque
333 2459 395 2498 esse
415 2459 573 2518 numquam
588 2455 711 2520 possunt
723 2463 730 2500 :
744 2442 784 2500 sic
797 2441 896 2518 itaque
911 2452 1017 2498 sutum
1027 2438 1145 2517 quidem

80 2529 114 2587 in
126 2529 246 2606 planitie
262 2529 454 2608 lenitateque,
477 2546 588 2592 motum
606 2553 676 2592 vero
698 2534 729 2592 in
750 2533 896 2592 contraria
911 2551 1024 2610 semper
1043 2543 1157 2589 namra·

80 2639 239 2699 munna:
253 2611 433 2700 iuaeqrialitas
442 2643 532 2701 porro
545 2639 655 2684 naturas
666 2625 753 2702 bajus
765 2637 809 2684 est
823 2643 925 2695 causa,
937 2642 1001 2699 quae
1014 2622 1071 2680 leni
1084 2623 1146 2699 pla-

82 2732 182 2791 noque
198 2715 343 2774 contraria
356 2727 418 2774 est:
436 2717 637 2794 inequalitatis
654 2735 725 2774 vero
742 2715 954 2794 generationem
966 2713 1025 2789 jam
1042 2727 1146 2771 nacta-

82 2805 199 2878 vimus:
226 2806 277 2864 sed
296 2824 422 2884 monam
442 2808 530 2866 modo
555 2807 666 2886 singula
687 2807 844 2865 secuudum
863 2825 967 2882 genera
981 2819 1039 2862 non
1055 2805 1147 2862 divim

84 2898 196 2956 moveri
212 2897 333 2956 invicem
354 2899 482 2976 ferrique
502 2899 654 2967 desinunt,
676 2917 857 2975 nequaquam
884 2897 1087 2975 exposuimus:
1114 2897 1145 2955 id

83 3007 155 3066 ergo
170 2987 306 3067 deinceps
319 2991 360 3049 sic
375 2990 613 3069 explanabimus:
628 2991 769 3049 universae
782 3001 892 3048 namra:
908 2987 1045 3046 circuitus
1055 3007 1146 3064 quum

85 3079 221 3138 circulari
243 3080 353 3140 ambitu
373 3102 426 3141 sno
447 3101 550 3160 genera
573 3083 811 3158 compleuerant,
832 3093 861 3138 et
876 3099 972 3138 secum
993 3081 1056 3158 ipso
1073 3099 1145 3137 con-

85 3171 167 3250 gredi
181 3172 309 3245 studeat,
321 3175 492 3252 constringit
504 3175 612 3247 omnia3
628 3175 783 3252 locumque
798 3189 921 3230 vacuum
934 3171 1059 3247 relinqui
1074 3189 1146 3229 uns-

85 3281 172 3342 quam
181 3265 303 3341 patitur:
312 3267 448 3342 quocirca
459 3266 532 3344 ignis
544 3287 596 3345 per
609 3268 704 3325 omnia
720 3267 844 3324 maxime
857 3264 1031 3344 penetravit,
1042 3262 1147 3322 deinde

86 3375 153 3423 aer,
167 3369 269 3434 utpote
282 3359 334 3434 qui
349 3359 405 3436 ipsi
420 3361 559 3418 tenuitate
577 3371 620 3418 est
639 3360 805 3438 proximus:
824 3371 853 3416 et
867 3357 923 3416 alia
939 3355 1024 3414 simili
1038 3357 1150 3416 ratione

86 3437 240 3526 deinceps,
256 3468 323 3526 quae
335 3451 411 3508 enim
425 3471 462 3508 ex
475 3451 608 3509 maximis
621 3449 752 3528 partibus
767 3463 835 3508 snm
853 3449 1025 3528 composita,
1047 3449 1149 3508 vacui-

88 3551 176 3598 tatem
201 3559 319 3618 quoque
340 3541 370 3600 i‘n
392 3561 455 3625 sua,
466 3542 671 3601 constitutione
687 3544 840 3601 maximam
860 3543 1019 3619 reliquere:
1034 3543 1150 3600 minima

87 3645 190 3690 contra
211 3633 380 3691 minimam:
404 3634 607 3692 coarctatiouis
626 3647 722 3692 autem
744 3633 834 3711 ipsius
855 3633 1001 3710 angentia,
1016 3653 1107 3711 parra
1121 3635 1150 3692 iu

87 3723 420 3798 magnorum-contrudit
432 3723 529 3782 inania
544 3745 552 3780 :
570 3743 661 3801 quare
675 3743 765 3801 quum
781 3743 869 3801 parva
885 3727 995 3804 magnis
1008 3726 1152 3784 insinuata

88 3811 162 3884 aiut,
178 3825 206 3870 et
227 3813 291 3890 ipsu
311 3805 428 3891 quidem
451 3833 539 3893 parva
560 3833 625 3892 qua:
645 3834 745 3892 magna
768 3827 835 3872 sunt
852 3803 1027 3888 discernant,
1043 3817 1152 3894 majone

87 3921 160 3961 vero
172 3905 284 3964 minora
299 3921 466 3981 coerceant,
480 3907 577 3966 omnia
590 3927 702 3966 sursum
720 3905 897 3966 deorsumve
910 3907 940 3965 in
957 3911 1009 3966 sua
1026 3908 1089 3966 loca
1102 3909 1148 3966 fe-

89 4009 212 4055 runtur:
225 4017 291 4056 nam
305 3997 458 4075 quodlibet
472 4013 581 4060 mutata
597 3999 794 4076 magnitudine
808 3999 905 4058 Mem
920 4011 1026 4082 mutat:
1042 3997 1083 4056 sir.
1094 4001 1152 4059 uti-

88 4105 147 4164 que
156 4085 246 4146 athas
255 4088 405 4149 oboausaa
414 4104 525 4150 nattrrae
534 4091 801 4151 lenitatioontrariae
807 4111 921 4170 semper
927 4091 1074 4170 generatio
1083 4111 1152 4151 eon-

91 4179 323 4241 arratahorum
331 4193 441 4256 mortim
450 4177 655 4265 etinpraesenti
663 4185 726 4244 etin
737 4186 836 4244 futuro
843 4189 1016 4263 perpetuum
1024 4183 1149 4245 exbibet.
