2756 4692
503 443 695 546 cineus.
1063 433 1132 514 565

64 559 239 659 quendam
253 583 384 658 genera
403 564 549 660 partita,
569 569 632 634 aut
649 561 836 649 inchoata,
852 561 951 633 nulla
969 588 1012 635 ex
1031 581 1132 663 parte

65 671 243 769 perfecta.
258 671 475 770 imperfecto
492 689 632 760 autem,
649 697 715 744 nec
730 671 899 743 absoluto
912 673 1042 760 simile,
1060 675 1135 772 pul·

64 782 215 856 chrum.
230 806 308 854 esse
338 783 429 854 nihil
458 797 587 881 potest.
616 783 729 878 Cujus
750 805 838 878 ergo
867 805 976 852 omne
1003 784 1134 854 animal

66 893 175 988 quasi
191 893 366 989 particula
383 893 548 990 quaedam
572 907 645 981 est,
668 893 742 962 sive
760 893 798 961 in
819 890 987 988 singulis,
1004 891 1078 962 sive
1095 893 1132 964 in

66 999 216 1072 diverso
234 1012 385 1098 genere¹
408 1017 586 1088 cernente,
599 1002 678 1098 ejus
695 1000 846 1072 similem
864 999 1042 1072 mundum
1058 1024 1134 1080 esse

67 1106 247 1180 dieamus.
259 1115 405 1181 ’Omnes
423 1113 567 1207 igitur²‚
581 1112 645 1207 qui
660 1111 781 1181 animo
799 1124 1009 1198 cernuntur,
1027 1125 1063 1182 et
1082 1135 1136 1182 ra-

68 1217 173 1288 tione
198 1216 449 1314 intelliguntur
471 1221 690 1307 animantes,
717 1219 907 1317 complexu
928 1221 1076 1290 rationis
1097 1235 1134 1291 et

68 1325 335 1424 intelligentiae,
354 1328 447 1400 sicut
462 1328 648 1419 homines,
664 1328 905 1414 boemundo,
918 1343 954 1400 et
967 1329 1135 1428 pecudes,

69 1447 109 1504 et
127 1435 270 1522 omnia,
291 1460 373 1532 quae
391 1437 461 1509 sub
486 1437 697 1537 adspectum
717 1437 874 1526 cadunt,
898 1439 1137 1538 comprehen-

71 1541 223 1615 duntur.
249 1544 357 1633 Quod
380 1549 477 1618 enim
502 1541 786 1647 pulcherrimum
808 1550 847 1618 in
865 1571 985 1620 rerum
1010 1564 1137 1620 natura

71 1653 225 1751 intelligi
246 1669 386 1752 potest,
412 1671 448 1727 et
473 1656 573 1754 quod
597 1681 641 1729 ex
664 1660 763 1727 omni
792 1672 894 1756 parte
916 1656 1137 1728 absolutissi-

72 1787 176 1835 mum
193 1777 266 1852 est,
282 1789 395 1862 quum
416 1772 513 1838 Deus
531 1768 684 1838 similem
706 1765 885 1838 mundum
904 1765 1047 1838 efficere
1066 1767 1137 1836 vel-

73 1871 153 1960 let,
185 1873 316 1944 animal
347 1873 515 1964 unum³‚
543 1875 804 1975 adspectabile‚
841 1879 879 1946 in
912 1901 985 1973 quo
1018 1877 1138 1947 omnia

74 1981 242 2052 animalia
261 1988 549 2074 continerentur,
568 1983 699 2058 effecit.
719 1990 875 2058 Rectene
896 1987 1006 2082 igitur
1023 1979 1137 2056 ununi

74 2089 255 2162 mundum
280 2091 492 2180 dixerimus,
515 2121 560 2167 an
574 2094 590 2150 l
606 2096 678 2166 sint
699 2095 839 2194 plnres,
865 2119 910 2166 an
932 2097 1138 2166 innumera·

74 2197 186 2288 biles,
206 2199 306 2274 dictu
328 2208 446 2275 verius
460 2218 497 2276 et
511 2199 675 2276 meliust
706 2209 808 2277 Unus
826 2203 1010 2302 profecto,
1029 2205 1152 2300 siqui-1

75 2307 160 2380 dem
177 2307 292 2382 factus
308 2327 361 2393 est
380 2313 425 2385 ad
445 2315 662 2414 exemplum.
684 2314 793 2404 Quod
808 2316 903 2387 enim
918 2339 1044 2386 omnes
1063 2315 1140 2384 ani-

75 2459 230 2518 hmlsinns:
254 2485 351 2535 eqnnm
373 2472 491 2522 ratione-
512 2473 588 2539 igitur
630 2484 655 2521 et
668 2489 696 2520 ce
716 2473 778 2523 n'eet
795 2489 844 2538 que
860 2472 989 2536 lorequ'on
1005 2487 1090 2519 accuse
1107 2471 1142 2518 les

75 2549 140 2596 liene
152 2547 302 2599 munient».
313 2577 350 2588 -·
362 2551 433 2600 Nilei!
453 2570 511 2606 esse.
536 2559 587 2606 lte.
614 2567 690 2616 ¹gens
704 2549 835 2614 d'here'eie,
846 2566 880 2600 ou
894 2551 977 2614 quand
988 2566 1021 2598 on
1032 2547 1143 2597 de'nonce

76 2626 218 2692 ctinssore,
230 2640 259 2676 nt
271 2629 408 2679 inGeaecie.
630 2629 787 2689 localium,
801 2629 861 2694 qn'il
871 2639 907 2677 eet
917 2630 948 2677 de
958 2627 1025 2676 droit
1035 2626 1142 2676 d'enin·

111 2709 156 2756 1v.
173 2723 196 2755 1.
212 2707 263 2754 Sive
278 2709 303 2756 in
317 2707 438 2773 singulis,
455 2714 502 2763 sive
511 2714 536 2762 in
549 2713 588 2761 di.
630 2708 747 2772 tei-preter
759 2709 928 2772 malignantem
937 2717 1017 2756 tontes
1029 2705 1142 2769 tenpue-

77 2785 467 2850 eereogenete.hmbin.eeivein
474 2784 587 2832 universo
630 2787 666 2834 les
677 2797 702 2834 et
712 2784 742 2832 de
751 2787 787 2834 les
795 2789 967 2850 empoieonner
974 2804 996 2830 ι.

77 2879 166 2928 genere
175 2885 195 2912 e.
209 2865 282 2929 Apud
294 2865 434 2916 Platonem:
449 2855 474 2916 οὗ
491 2857 517 2912 d'
533 2865 586 2914 tae.
668 2871 692 2920 4.
717 2863 790 2926 Quod
805 2865 868 2912 em'm
942 2860 1144 2910 absolutissimum

77 2941 160 2994 rma
183 2945 234 3004 ζῶα
262 2935 316 2998 καθ’
337 2945 360 2997 lt
382 2943 424 2997 καὶ
450 2941 585 3011 κατὰγίνη
631 2953 767 3006 est,quum
776 2940 953 2989 Demsimilem
963 2938 1079 2987 nuendum
1092 2937 1147 3006 effi·

78 3023 159 3093 μόρια.
173 3025 232 3072 scu.
631 3035 686 3068 cere
706 3019 789 3069 vellet.
812 3019 943 3067 Vei-issima
969 3017 1080 3066 hubin.
1102 3019 1146 3066 uei

114 3117 139 3150 ι.
160 3103 249 3150 Omnes
266 3101 349 3166 ibitur.
365 3101 478 3162 Gedike,
498 3101 524 3150 in
537 3101 588 3152 Cic.
631 3113 708 3162 quum
716 3101 783 3146 Deus
794 3115 815 3148 s.
829 3114 863 3148 m.
873 3114 894 3146 e.
904 3114 930 3146 v.
941 3119 952 3139 ι
963 3097 992 3144 ln
1005 3111 1085 3160 greco
1096 3105 1147 3144 eet:

78 3183 145 3230 litet.
155 3181 245 3246 philos.
256 3182 372 3247 entique,
385 3181 435 3240 hie,
448 3181 588 3246 neptuim,
632 3184 668 3248 τῷ
684 3174 731 3248 γὰρ
753 3183 801 3230 τῶν
815 3177 947 3246 secunlum
962 3173 1086 3244 καλλίστῳ
1104 3174 1147 3244 atel

79 3275 158 3323 grace
170 3259 586 3326 negtepenpieuepuut.s.v.t..
633 3254 700 3308 κατὰ
712 3255 799 3309 πάντα
813 3259 888 3326 'cello
909 3253 994 3324 μέλις·
1007 3253 1078 3306 αὐτὸν
1094 3254 1144 3311 tela

115 3339 141 3386 3.
151 3341 205 3388 An.
218 3356 301 3389 unum.
310 3341 355 3388 ttte
364 3340 452 3389 alludit
463 3337 587 3398 Voltaire,
632 3337 750 3406 ὁμοιῶσαι
761 3335 892 3402 βουληθιίς.
906 3336 999 3382 Suffi-
1010 3333 1082 3382 Certe
1090 3333 1112 3380 δῖ
1123 3332 1146 3380 θὶ

79 3417 589 3482 Quese.sert'ttncye1.an.e1aton:·se
632 3431 683 3465 non
695 3415 769 3466 addas
783 3431 840 3464 cum
854 3414 989 3473 lambino,
1011 3411 1146 3462 subintelli-

77 3509 111 3542 ne
124 3495 277 3561 eepmcheni
285 3497 482 3562 pointti’leton
498 3495 591 3545 d’evoir
634 3494 739 3559 gendum
761 3505 817 3558 eet,
842 3504 870 3542 nt
893 3493 1010 3541 sententie
1038 3492 1147 3541 auctoris

79 3573 130 3632 dit,
147 3573 208 3622 dene
223 3591 270 3623 son
283 3575 379 3640 Tinde,
400 3593 448 3640 qne
464 3575 488 3624 le
501 3573 591 3622 monde
634 3585 727 3638 petest.
1084 3590 1086 3594 ·

79 3661 116 3699 est
138 3653 298 3718 nn,eni1nel;
321 3669 362 3702 eae
385 3653 404 3702 il
427 3652 516 3704 entend
536 3669 591 3700 eene
672 3652 698 3699 5.
722 3653 880 3700 Rectene...
907 3649 989 3698 vetius
1008 3659 1032 3696 et
1054 3648 1147 3698 melius.

77 3730 216 3796 docteque
229 3731 263 3780 lee
271 3731 385 3782 elementi
396 3749 426 3781 en
437 3742 593 3781 monument
637 3733 699 3780 Hac
710 3731 743 3778 ite
762 3727 906 3794 corrigenda
919 3739 987 3791 eunt,
1002 3739 1029 3776 nt
1042 3730 1148 3794 opinor:

76 3809 187 3859 minent
204 3811 227 3859 le
239 3811 340 3874 monde,
353 3824 378 3862 et
390 3813 408 3861 il
421 3812 537 3861 n'entend
548 3827 594 3876 pac
637 3811 767 3858 «Rectene
778 3811 852 3875 igitur
863 3825 939 3858 unum
950 3807 1068 3858 mundum
1079 3805 1148 3854 dixe·

77 3905 124 3954 per
136 3889 224 3938 animal
238 3907 272 3938 nn
281 3891 354 3939 chien
366 3901 391 3940 et
403 3908 437 3940 un
446 3890 544 3940 homme
551 3891 595 3956 qni
636 3888 725 3949 tinans,
734 3905 764 3938 en
773 3887 854 3955 plnres
863 3905 914 3938 este
922 3900 947 3936 et
960 3885 1148 3936 innumerabiles

78 3965 398 4033 marchent‚qnieentent,
412 3971 456 4035 qni
466 3979 594 4034 tongent,
637 3964 729 4016 dictum
751 3970 784 4019 n't
802 3969 881 4017 verim
899 3979 924 4016 et
936 3965 1038 4016 melius?
1050 3986 1061 4006 ι
1081 3963 1150 4032 l’lato

78 4055 127 4095 etc.
141 4045 225 4095 litent
238 4049 350 4110 toujonee
360 4045 490 4114 expliquer
502 4065 593 4098 netan-
638 4045 702 4093 enim
720 4047 758 4095 hie
776 4047 855 4096 verbis
875 4045 966 4094 utitur:
985 4043 1090 4112 Πότιρον
1112 4035 1151 4093 ὧν

80 4135 135 4173 tene
154 4123 216 4174 dens
234 4126 257 4174 le
274 4143 330 4176 sene
350 4127 372 4176 le
389 4127 444 4193 plne
457 4126 594 4186 fnvoreble3
639 4121 710 4192 ὀρθῶς
732 4127 774 4178 ive
794 4127 889 4196 οὐρανὸν
910 4121 1153 4194 προσιιρῆκαμιν,ἣ
