2762 4682
254 401 303 476 90
619 379 953 451 mrnonnomo.

298 501 352 567 68.
368 500 425 566 Illa
444 501 540 565 ctiam
560 503 690 585 omniu,
709 525 783 591 quse
799 525 838 570 ex
857 501 958 591 ipsius
977 501 1141 566 Ciceronis
1167 523 1325 589 persona,

253 609 287 674 in
311 608 447 672 Lucullo
465 608 643 675 recitantur
653 657 664 690 ,
688 609 860 674 Philonem
883 607 1074 697 magistrum
1094 607 1226 696 sapiunt
1240 631 1249 672 :
1265 639 1280 664 ι
1297 609 1328 672 Si

253 717 358 795 enim,
378 715 487 804 inquit
506 715 571 804 (1),
591 717 670 782 mihi
690 739 767 782 cum
792 716 1006 804 Peripatetico
1029 737 1081 780 res
1099 731 1202 796 esset,
1219 700 1280 805 qui
1296 715 1327 779 id

252 822 375 910 percipi
391 844 485 910 posse
502 821 640 905 diceret,
654 821 745 911 quod
759 823 953 910 impressum
971 835 1055 886 esset
1070 843 1089 888 a
1104 842 1199 902 vero,
1219 843 1327 908 neque

252 926 423 1006 adhiberet
451 926 539 992 illam
568 949 718 1018 magnam
745 927 984 1007 accessionem,
1012 925 1170 1014 quomodo
1192 930 1329 1014 imprimi

254 1056 318 1102 uon
328 1046 440 1121 posset
455 1031 607 1120 cfalso:
632 1055 708 1098 cum
726 1034 861 1123 simplici
879 1031 1014 1098 homine
1039 1031 1227 1120 simpliciter
1253 1055 1327 1120 age·

253 1157 341 1222 rem,
361 1162 422 1204 nec
439 1161 636 1229 magnopere
652 1141 894 1208 contenderem.
911 1140 1019 1226 Atque
1032 1138 1147 1219 etiam,
1161 1139 1204 1220 si,
1222 1152 1327 1227 quum

253 1267 314 1334 ego
337 1245 419 1309 nihil
441 1244 580 1310 dicerem
600 1269 695 1335 posse
711 1244 962 1337 comprehendi,
989 1243 1110 1308 diceret
1127 1243 1180 1308 ille
1194 1243 1327 1333 Sapien-

254 1367 321 1417 tem
346 1349 511 1416 interdum
533 1351 677 1440 opinari,
707 1376 776 1418 non
800 1373 1037 1441 repugnarem,
1063 1351 1241 1438 presertim
1270 1371 1328 1412 nec

254 1456 422 1534 Carneade
438 1455 571 1550 quidem
587 1459 665 1526 huic
687 1459 761 1525 loco
783 1459 875 1524 valde
899 1471 1110 1546 repugnante.
1132 1457 1233 1522 Nunc
1250 1453 1327 1543 qnid

254 1563 359 1634 facere
377 1563 539 1651 possunt?
558 1577 669 1654 quaero
689 1566 800 1644 enirn,
823 1563 904 1653 quid
927 1565 969 1630 sit
984 1561 1075 1651 quod
1095 1560 1327 1650 comprehendi

253 1669 378 1758 possit?
389 1670 580 1758 Respondet
591 1673 671 1744 mihi
688 1695 755 1738 non
769 1672 976 1751 Aristoteles,
992 1685 1050 1734 aut
1066 1668 1326 1757 Theophrastus,

256 1797 300 1840 ne
319 1777 518 1848 Xenocrates
533 1778 684 1866 quidem,
703 1796 763 1844 aut
775 1779 931 1858 Polemo,
954 1774 1012 1840 sed
1027 1774 1130 1838 nihilo
1146 1774 1257 1839 minor
1274 1771 1327 1860 [id

257 1897 323 1966 est,
348 1885 454 1972 Zeno]
472 1899 493 1948 ι·
510 1882 607 1970 Quod
625 1899 674 1950 ert
690 1886 756 1950 tale
770 1907 903 1967 verum,
924 1883 1020 1972 quale
1022 1881 1154 1970 salsum
1182 1903 1250 1943 erse
1266 1903 1327 1943 non

250 1993 360 2076 possit.
377 1989 467 2060 Nihil
482 1988 642 2069 ejusmodi
665 1989 795 2054 invenio
822 2012 830 2052 ε
851 1990 961 2075 itaque
984 1988 1154 2078 incognito
1171 1983 1325 2048 nimirum

253 2094 423 2176 assentiar,
436 2093 471 2158 id
481 2110 548 2176 est,
560 2093 743 2182 opinabor?
753 2095 826 2158 Hoc
836 2093 918 2158 mihi
928 2109 962 2158 et
972 2091 1174 2183 Peripatetici
1188 2107 1223 2156 et
1237 2105 1326 2154 vetus

255 2197 429 2264 Academia
445 2197 614 2282 concedit,
631 2221 689 2264 scs
706 2197 843 2287 [Stoici]
862 2198 1002 2288 negatis,
1017 2197 1200 2267 Antiochus
1215 2196 1251 2258 in
1262 2193 1325 2282 pri·

256 2304 333 2385 mis,
349 2319 410 2376 etc.
426 2335 439 2360 ι
455 2305 571 2376 Sextus
589 2303 635 2394 (o)
651 2327 659 2370 :
674 2335 687 2362 s
701 2304 796 2369 Philo
809 2320 919 2370 eutem
933 2305 992 2386 sit,
1008 2320 1171 2392 quantum
1186 2299 1231 2366 ad
1245 2298 1327 2367 Stoi·

164 2397 167 2404 ’
255 2433 333 2484 curn
358 2410 542 2492 criterium,
558 2409 690 2494 idest,
710 2411 922 2499 pharnacem
945 2410 1251 2500 compulsativam,
1279 2425 1326 2469 res

258 2538 328 2582 esse
345 2515 711 2606 incomprehensibiles3
742 2533 903 2608 quantum
922 2533 1030 2581 sutem
1049 2513 1090 2598 ad
1111 2529 1263 2580 naturam
1278 2531 1327 2574 re·

255 2647 350 2707 111111,
381 2623 725 2714 comprehensibiles».
751 2623 937 2690 Numenius
960 2623 1010 2713 (3)
1031 2623 1162 2703 statim,
1185 2617 1326 2710 postilla

256 2731 354 2799 verba
369 2753 442 2820 quae
458 2731 609 2821 superius
627 2755 668 2798 ex
688 2732 759 2823 ipso
774 2731 1037 2798 adscribebamus
1055 2754 1065 2797 t
1088 2761 1102 2789 e
1119 2729 1233 2813 Quum
1253 2747 1326 2792 seso

257 2852 290 2908 et
300 2853 430 2924 tempus
443 2837 572 2925 lapsum
587 2855 688 2920 esset,
706 2839 841 2927 ipseque
851 2837 983 2903 illorum
999 2837 1123 2927 epoche
1135 2857 1200 2902 usu
1212 2832 1326 2899 detrita

256 2943 480 3024 obsolevisset,
492 2964 560 3012 non
566 2945 632 3026 jem
642 2946 781 3034 'amplius
791 2945 852 3010 sibi
867 2944 1037 3011 constabat
1050 2943 1061 3031 [
1073 2941 1186 3031 Philo]
1197 2987 1207 3026 ,
1220 2959 1326 3028 ,neque

256 3047 361 3119 simile
385 3049 465 3137 quid
491 3049 672 3138 [prioribus
694 3051 762 3116 suis
785 3049 944 3138 decretis]
965 3050 1121 3140 sapiebat.
1140 3045 1326 3135 Torquebat

228 3209 233 3214 -
257 3171 466 3225 eutemeum
483 3179 546 3222 nec
562 3157 728 3246 quiescere
746 3155 874 3221 sinebat
892 3155 1107 3222 affectionum
1120 3152 1282 3220 evidentia
1294 3163 1325 3212 et

258 3262 442 3341 concordis.
456 3265 543 3355 Ergo
558 3287 616 3330 sua
629 3266 699 3354 ipse
711 3264 777 3344 jem
794 3263 881 3354 apud
898 3263 1148 3331 seecnscientia
1161 3261 1325 3326 convietus

187 3452 194 3471 .
255 3385 353 3458 atque
365 3368 519 3454 edoctus,
533 3372 763 3453 uehementer,
779 3387 828 3436 sat
843 3371 928 3448 scio,
941 3370 1111 3459 cupiebat,
1129 3368 1239 3457 quise
1249 3385 1323 3431 con·

255 3473 440 3558 sinemus,
457 3477 619 3559 invenire,
637 3499 679 3542 ne
696 3476 859 3543 videretur
879 3475 984 3542 libens
1006 3476 1076 3565 ipse
1099 3491 1189 3564 terga
1204 3488 1324 3538 vertere

258 3595 291 3646 et
306 3582 451 3670 fugere».
464 3621 478 3650 ν.

302 3686 356 3774 69.
373 3689 414 3754 ln
433 3688 544 3777 primo
558 3689 825 3754 Academicum
846 3673 888 3754 ad
905 3689 1086 3752 Varronem
1108 3685 1194 3750 libro
1214 3683 1323 3751 Gioero

257 3791 404 3861 Philonis
415 3809 521 3881 partes
537 3811 662 3883 egerat,
687 3795 773 3860 sicut
786 3795 889 3860 Varro
905 3793 1131 3875 Antiochinas,
1149 3807 1187 3856 ut
1202 3791 1230 3856 si
1243 3791 1322 3856 inte·

259 3951 262 3956 “
293 3953 331 4020 (ι)
349 3951 435 4001 Cicero
450 3953 476 4000 in
486 3953 607 4017 Lucullo,
626 3973 681 4022 cap.
695 3957 738 4006 st.

292 4039 332 4105 (n)
349 4041 511 4106 Hypotypos.
523 4041 566 4094 lib.
576 4046 605 4104 1,
618 4060 671 4108 esp.
681 4046 727 4103 33,
741 4055 800 4094 sect.
811 4044 876 4103 sss,
890 4058 947 4109 pag.
958 4043 1002 4093 62.

292 4123 331 4192 (3)
348 4126 423 4191 Apud
435 4127 525 4180 Euseb.
540 4131 618 4194 Praep.
632 4131 724 4198 Ιίνιιις.
737 4130 779 4180 lib.
790 4133 861 4194 XIV,
880 4145 933 4197 ssp-
944 4146 975 4194 9s
986 4143 1043 4196 P'S·
1054 4124 1122 4192 2³92
1141 4143 1165 4176 ⁰·
