2776 4688
234 320 296 420 Aa
457 323 460 339 ’
607 333 937 404 INTRODUCTIO.

232 457 318 522 bus:
340 454 382 521 de
398 477 465 543 qna
483 457 582 520 edam
605 479 673 522 non
692 477 795 544 pauca
814 454 958 519 invenies
980 453 1068 542 apnd
1088 455 1252 518 Laertium
1271 455 1307 518 in

233 561 498 650 Pyrrhonis-vita.
515 561 609 628 Gellii
622 584 773 651 qnoque,
786 561 855 625 sire
868 559 999 650 Agellii,
1015 559 1146 649 ceputb
1165 560 1222 626 lib.
1236 561 1308 643 Xl,

231 667 275 734 de
293 669 482 757 Pyrrhoniis
506 671 657 736 consulas
677 670 768 752 licet,
789 691 857 733 non
879 685 988 732 tamen
1008 683 1051 732 nt
1070 667 1308 752 differentiam,

229 797 332 864 quam
344 775 432 842 inter
445 774 657 843 Academicos
670 793 703 840 et
717 773 917 865 Pyrrhonios
928 774 996 864 ipse
1008 775 1162 864 assigrmt,
1175 774 1309 864 probes.

232 913 245 938 «
259 882 360 964 Quod
369 881 554 966 Academici
569 880 722 970 quidem,
739 881 863 970 inquit,
879 881 987 971 ipsum
996 881 1094 966 illud,
1111 881 1192 946 nihil
1209 903 1309 971 posse

231 988 481 1077 comprehendi,
494 989 586 1078 quasi
600 987 900 1077 comprehendant,
915 1005 948 1053 et
961 988 1043 1052 nibil
1053 1009 1148 1077 posse
1156 987 1309 1071 decerni,

232 1095 325 1182 quasi
342 1095 543 1162 decernunt:
558 1095 733 1184 Pyrrhonii
752 1117 794 1158 ne
810 1091 844 1157 id
857 1092 991 1182 quidem
1008 1093 1075 1158 ullo
1090 1111 1187 1184 pacto
1203 1093 1309 1158 videri

232 1221 347 1266 vorum
369 1199 501 1280 dicant,
523 1197 614 1286 quod
640 1198 729 1262 Nihil
755 1221 824 1263 esse
847 1221 962 1264 rernm
987 1195 1152 1262 videtne·
1175 1198 1309 1262 Falsum

231 1305 320 1370 enim
342 1306 406 1370 hoc
425 1327 512 1387 esse,
531 1303 622 1392 qnod
640 1305 681 1370 de
699 1303 897 1370 Academicis
915 1304 1045 1387 scribit,
1071 1329 1110 1370 ex
1131 1301 1309 1368 Gameadis

231 1410 274 1476 ad
294 1412 503 1498 Antipatrum
524 1413 752 1499 responsione,
775 1409 862 1500 apud
883 1411 1073 1476 Ciceronem
1097 1411 1309 1494 manifestum

236 1513 289 1582 iit:
303 1547 316 1574 ι
329 1538 390 1582 nec
402 1517 491 1582 enim
504 1516 551 1604 (1)
562 1518 671 1605 ipsum
683 1517 747 1582 hnc
758 1516 942 1600 decretum,
954 1517 1045 1582 Nihil
1058 1513 1309 1606 comprehendi,

233 1620 414 1690 Academici
442 1624 718 1712 comprehensum
747 1625 809 1688 sibi
843 1623 1019 1706 dicebant,
1049 1623 1109 1688 sed
1139 1622 1309 1710 probabile

234 1728 493 1794 existimabant».
510 1727 574 1794 Sed
590 1753 628 1794 aa
645 1745 694 1794 cst
707 1731 792 1794 incer
804 1729 1018 1818 Pyrrhoniam
1032 1745 1066 1792 et
1080 1727 1309 1792 Academioam

231 1834 410 1915 rationem,
425 1855 528 1922 quum
542 1835 675 1923 utrique
688 1834 875 1923 philosophi
890 1833 1016 1924 epoche
1028 1849 1172 1907 amatur,
1191 1832 1225 1896 id
1241 1849 1310 1913 est,

233 1941 453 2006 assensionem
469 1941 661 2022 cohibeant,
674 1942 784 2032 potior
795 1939 992 2024 differentia3
1005 1938 1096 2028 quod
1107 1938 1309 2020 Academici,

235 2045 284 2108 uti
301 2061 413 2131 postea
432 2045 617 2132 planissime
633 2047 814 2128 constabit,
832 2069 947 2112 verum
959 2069 999 2110 ao
1014 2047 1131 2110 falsum
1149 2065 1190 2109 ex
1208 2045 1310 2109 rebus

235 2151 369 2216 minime
387 2151 519 2233 tollant,
537 2175 575 2218 ac
592 2173 709 2218 necor
726 2152 903 2240 phantasiis
921 2151 1076 2240 quidem3
1103 2175 1179 2216 nam
1201 2151 1309 2240 pban·

236 2259 330 2326 osias
343 2275 400 2322 aut
413 2281 552 2341 veraces,
563 2275 621 2324 ant
630 2259 802 2326 mendaces
812 2259 944 2325 dicunt:
955 2260 1129 2348 Pyrrhonii
1142 2260 1211 2324 bec
1224 2275 1311 2323 utra·

235 2387 300 2451 que
313 2374 401 2436 telana
415 2369 553 2446 stampe,
568 2365 604 2430 id
619 2383 686 2446 est,
706 2365 788 2432 nisit
801 2369 886 2430 inter
899 2391 938 2430 eo
955 2367 1132 2446 interesse,
1156 2387 1309 2454 pronun·

236 2469 327 2536 tiant.
351 2469 523 2558 Pynhcnii
547 2472 679 2560 paribus
701 2473 812 2538 omnia
839 2473 974 2538 stabiliri
1001 2473 1182 2537 rationibus
1201 2471 1312 2535 eristi·

236 2595 326 2644 namt
343 2601 351 2642 ε
371 2577 554 2646 Academici
569 2597 603 2646 et
620 2579 769 2668 quaedam
783 2581 1009 2669 improbabilia
1022 2583 1179 2662 omnino,
1198 2597 1230 2645 et
1247 2581 1309 2644 alia

235 2684 303 2747 aliis
320 2684 554 2772 probabiliora,
575 2709 648 2773 quae
670 2687 819 2775 pluribus
839 2703 897 2751 aut
917 2685 1101 2774 potioribus
1127 2685 1310 2751 rationibus

236 2789 427 2870 balciantur,
442 2790 663 2878 majoremque
673 2789 773 2859 fidem
788 2791 926 2872 faciant,
939 2789 1152 2856 concedunt:
1173 2813 1246 2880 quas
1260 2807 1311 2855 ta·

237 2917 313 2958 men
322 2893 663 2982 adbuc,quantumvis
677 2895 870 2983 probabilia,
881 2919 985 2984 φιιιω
993 2899 1227 2985 comprehensa
1240 2919 1308 2960 non

238 3000 318 3082 sint,
336 3023 502 3066 maensnm
514 3000 555 3066 ab
568 3001 644 3089 ipsis
657 3001 791 3066 minime
804 3019 1029 3090 extorqueant.
1195 3015 1198 3022 ’

286 3129 335 3196 17.
352 3109 394 3174 Et
407 3108 478 3174 bno
490 3107 531 3174 de
548 3108 675 3197 Scepsi,
691 3131 752 3197 pro
772 3109 912 3174 instituti
933 3110 1035 3174 nostri
1060 3110 1203 3192 ratione,
1234 3111 1312 3174 satis

237 3213 348 3278 multa.
365 3213 435 3278 lam
452 3215 541 3282 enim
555 3213 597 3280 ad
612 3213 819 3280 Academiam
834 3215 952 3280 reverti
970 3231 1100 3304 tempus
1121 3239 1129 3279 ε
1154 3215 1214 3279 sed
1226 3237 1312 3282 oon·

238 3318 344 3398 trarii,
359 3319 393 3382 id
408 3337 477 3399 est,
493 3320 594 3386 Stoici
612 3321 771 3386 exercitus
790 3322 892 3409 copiis
910 3322 1001 3409 prins
1022 3322 1243 3404 enumeratis,
1274 3339 1313 3386 ut

237 3422 460 3510 promisimus,
477 3441 511 3490 et
528 3427 746 3492 aecemmium
764 3427 997 3492 existimamus

542 3617 641 3696 siv.
662 3617 713 3682 ne
732 3617 836 3682 nne
856 3620 998 3684 nera.
1070 3687 1071 3690 Ν
1211 3569 1215 3574 ’

287 3775 338 3840 18.
356 3774 463 3839 Stoica
478 3773 645 3865 dogmata,
668 3775 730 3840 nisi
753 3777 847 3841 altius
874 3779 1012 3867 repetito
1040 3777 1220 3867 principio,
1242 3801 1309 3843 non

238 3884 329 3950 facile
343 3883 518 3973 intelligas,
535 3905 639 3972 quum
655 3886 751 3950 etiam
768 3886 960 3975 plerumque
977 3886 1144 3974 inopinata
1157 3887 1231 3950 sint.
1249 3887 1312 3950 Ex·

275 4073 314 4138 (ι)
327 4075 415 4123 Cicero
427 4037 454 4122 in
469 4075 586 4134 Lucullo,
601 4091 654 4140 esp.
669 4077 702 4132 34
716 4069 758 4136 (ex
771 4093 844 4126 sensu
857 4077 949 4140 magis,
960 4093 1033 4140 quam
1047 4093 1078 4124 ex
1088 4074 1187 4142 verbis).
