2770 4688
293 412 330 479 r.
358 371 596 480 vannnnn
617 409 899 479 scinumm.
1079 408 1125 506 67
1211 369 1215 377 ’

76 524 180 590 endem
197 525 233 588 iu
258 524 351 588 nullo
376 523 439 588 alio
457 523 544 604 sint,
565 539 623 586 sut
645 539 713 588 esse
737 524 872 612 possint.
896 524 1006 607 Quare
1023 549 1127 615 quum

75 653 199 720 qunque
218 652 273 694 res
289 645 404 693 natura
421 648 479 694 sua
497 624 538 692 ab
558 629 710 693 omnibus
730 629 797 698 aliis
817 627 962 714 diflerat,
982 631 1128 722 dignosci

73 739 156 802 etiam
179 754 283 826 atque
302 734 460 816 discerni,
483 736 682 825 proprioque
700 734 884 800 discrimine
905 737 1126 806 animadverso

71 844 198 932 separari
208 867 228 907 a
241 842 356 907 ceteris
368 841 522 906 omnibus
533 843 653 931 poterit
661 859 693 906 et
703 840 844 906 debebit.
852 842 1045 910 Plutarchus
1056 845 1102 935 (t)
1115 871 1124 912 ι

70 947 204 1012 munire
221 963 333 1012 autem
345 969 400 1011 eos
416 961 465 1010 est
485 943 697 1034 (multosque
721 947 868 1035 ipsorum
879 945 920 1011 de
934 969 969 1012 ea
984 934 1019 1013 ie
1028 951 1130 1018 libros

69 1053 211 1142 legere),
228 1077 307 1118 cum
322 1051 519 1118 Academicis
534 1052 724 1118 altercantes
738 1052 996 1142 clamantesque,
1012 1058 1130 1124 Omnis

70 1160 105 1224 ab
119 1159 178 1224 illis
199 1158 361 1224 confundi
385 1181 423 1223 ac
446 1159 630 1249 permisceri
654 1159 825 1223 indiscreta
844 1160 905 1224 hac
919 1161 1129 1229 similitudine

70 1263 192 1330 inducta
210 1281 311 1353 atque
330 1287 498 1344 concessa3
511 1264 609 1328 rebus
621 1263 661 1328 ab
676 1264 753 1353 ipsis
766 1263 832 1329 vim
846 1263 932 1347 lieri,
950 1265 1031 1332 dum
1049 1289 1128 1356 qua·

72 1371 183 1436 litatem
200 1393 303 1435 unam
327 1370 516 1434 substantiis
539 1369 667 1435 duabus
687 1370 829 1436 tribuere
845 1389 1016 1438 conantur.
1032 1375 1131 1466 Atqui

73 1475 129 1540 hoc
148 1499 248 1542 nemo
264 1477 439 1541 homiuum
454 1492 503 1540 est
521 1477 578 1564 qui
595 1498 662 1540 oon
682 1477 857 1559 existimet,
873 1493 1051 1567 contraque
1068 1482 1130 1545 mi·

72 1605 137 1647 rum
148 1601 182 1649 et
196 1597 316 1673 preter
328 1583 516 1673 opinionem
533 1591 643 1671 putet,
660 1584 805 1671 sineque
818 1584 991 1670 palumbus
1005 1587 1131 1673 palum·

72 1689 127 1771 bo,
142 1711 250 1778 neque
266 1688 335 1778 apis
353 1688 423 1777 api,
446 1710 555 1776 neque
572 1688 670 1752 tritici
689 1711 825 1777 manum
842 1711 941 1778 grano
957 1689 1064 1773 alteri,
1080 1691 1131 1756 vel

73 1793 145 1859 ficus
156 1795 169 1882 (
180 1812 219 1860 ut
235 1796 331 1859 estin
344 1795 518 1883 proverbio
528 1793 540 1882 )
549 1793 628 1877 fico,
645 1795 679 1858 in
692 1795 843 1858 universo
855 1811 1002 1883 tempore
1014 1798 1134 1863 exstitit

73 1900 109 1963 ita
120 1902 236 1983 simile,
251 1916 291 1965 ut
304 1899 443 1964 discerni
457 1921 525 1963 uon
543 1913 653 1988 posset
662 1931 685 1964 ·.
701 1899 808 1964 Verba
821 1901 987 1964 Ciceronis
996 1899 1042 1990 (a)
1055 1925 1134 1969 con·

73 2007 198 2072 cordrnt
215 2031 225 2072 ι
243 2038 256 2064 ι
274 2007 392 2071 Omnia
408 2005 487 2071 dicis
504 2009 554 2072 sui
575 2007 701 2096 generis
722 2029 811 2091 esse;
826 2007 915 2076 ‚nihil
937 2029 1006 2072 esse
1023 2009 1133 2094 idern,

75 2113 156 2200 quod
172 2115 215 2178 sit
230 2111 330 2177 aliud.
344 2113 487 2177 Stoicum
507 2111 604 2177 estid
623 2111 777 2201 quidem,
797 2133 856 2178 nec
871 2112 1049 2180 admodum
1065 2137 1135 2181 cre·

75 2218 182 2304 dibile,
199 2219 330 2284 nullum
352 2239 421 2285 esse
441 2219 545 2308 pilum
565 2219 718 2284 omnibus
733 2219 840 2300 rebus
860 2220 957 2283 talem
974 2221 1077 2307 qualis
1093 2224 1135 2287 sit

74 2326 149 2412 pilus
163 2327 263 2408 alius,
281 2325 411 2389 nullum
435 2345 583 2413 granum.
605 2323 680 2389 naec
698 2324 800 2389 refelli
821 2343 976 2415 possunt,
999 2325 1056 2392 scd
1073 2351 1135 2416 pu·

75 2453 163 2518 gnare
181 2432 261 2496 nolo
279 2455 288 2496 ε
307 2429 348 2495 ad
366 2429 400 2494 id
415 2432 504 2495 enim
522 2429 613 2518 quod
629 2431 747 2519 agitur,
762 2429 845 2494 nihil
860 2433 1011 2515 interest,
1028 2433 1134 2499 omni·

74 2535 130 2601 bus
150 2559 190 2602 ne
210 2535 359 2626 partibus
377 2535 444 2600 risa
462 2557 512 2599 res
538 2531 619 2598 nihil
642 2533 790 2618 differat,
810 2558 850 2600 an
873 2537 1049 2602 internosci
1066 2561 1133 2603 nou

73 2644 180 2729 possit,
196 2641 323 2707 etiamsi
332 2639 469 2706 differat.
484 2639 565 2728 [Sed
574 2639 622 2730 (3)
631 2642 657 2706 si
671 2640 842 2706 hominum
857 2641 1034 2708 similitudo
1046 2659 1133 2708 tanta

74 2769 216 2814 essenon
234 2763 361 2837 potest,
377 2769 419 2811 ne
435 2747 602 2837 signorum
615 2745 747 2835 quidem
762 2747 775 2810 l
790 2747 850 2811 Dic
861 2748 939 2811 mihi
951 2797 959 2829 ,
971 2748 1130 2837 Lysippus

74 2853 179 2919 eodem
195 2877 275 2937 aare,
294 2852 676 2941 eadem'temperatione,
691 2851 805 2916 eodem
823 2853 917 2935 caelo,
934 2875 1034 2941 aqua,
1051 2869 1135 2919 cete·

74 2961 116 3024 ris
129 2963 300 3042 omnibus,
325 2973 457 3024 centum
476 2958 675 3024 Alexandros
692 2959 928 3039 ejusdemmodi
944 2961 1049 3023 lacere
1064 2985 1130 3024 non

74 3069 194 3154 posset?
208 3067 296 3156 etc]
315 3097 328 3124 ι

119 3173 164 3260 39.
181 3177 228 3240 En
242 3193 322 3238 vero
339 3171 459 3260 quibus
473 3171 666 3236 Dialecticen
682 3187 873 3260 oppugnant
892 3194 929 3235 sc
950 3171 1136 3236 subvertere

74 3295 184 3364 putant
201 3271 401 3359 Academici,
423 3277 518 3342 valde
539 3291 617 3341 sunt
636 3275 774 3340 infirma.
795 3269 970 3340 proferunt
996 3294 1030 3341 et
1052 3277 1135 3358 obji-

74 3384 162 3450 ciunt
170 3385 295 3469 soritas,
307 3399 341 3448 et
351 3403 388 3448 ea
402 3407 475 3472 quse
483 3383 581 3448 Stoici
593 3381 639 3470 (A)
658 3393 740 3465 ἄπορα
755 3396 887 3464 vocant,
901 3382 1135 3472 inexplicabilia

74 3489 182 3556 Cicero
195 3491 241 3579 (5)
258 3516 267 3574 ;
291 3513 364 3580 quae
388 3512 492 3579 quum
513 3491 627 3555 vitiosa
643 3491 813 3554 manifesto
836 3490 917 3572 sint,
942 3491 1068 3556 nullum
1089 3509 1136 3556 ta·

75 3617 150 3661 men
161 3597 311 3664 adversus
324 3599 377 3664 illa
394 3599 550 3664 auxilium
567 3621 584 3662 a
602 3598 774 3663 Dialectica
791 3597 963 3681 afferatur,
982 3599 1135 3689 nullaque

109 3805 377 3870 (1)Deoosumunibm
388 3809 491 3868 Notitiis
504 3807 559 3859 adv.
568 3809 676 3868 Stoicos,
686 3823 743 3877 pag.
756 3823 831 3870 1077,
842 3826 864 3858 r.

108 3898 188 3962 (a)vlu
200 3898 315 3961 lncnllo,
329 3914 385 3963 cap.
397 3897 438 3946 26.

109 3981 153 4046 (3)
169 3987 225 4034 Huc
237 3987 331 4046 omnia,
343 3985 432 4034 omissa
444 3985 595 4048 evalentis,
614 3986 739 4050 subjungit
751 3985 890 4035 Durandus.

107 4069 150 4134 (t)
168 4075 282 4132 laertius,
297 4075 323 4123 in
338 4075 447 4123 huone.
532 4083 541 4097 ²

111 4157 154 4220 (5)
170 4161 197 4208 lu
211 4163 324 4224 bucano,
341 4179 397 4228 cap.
411 4177 452 4225 ²9·
