2776 4688
326 377 364 445 P.
380 375 628 446 VALENTIAE
652 377 928 447 aethuinus.
1114 377 1160 454 53

35 533 36 536 =
96 495 398 566 airammum
418 501 586 563 mundani
596 497 786 578 obncxthm,
804 497 847 566 de
862 499 1060 589 appetitione
1074 501 1162 586 hec,

98 625 155 666 non
165 602 305 691 quidem
317 603 442 686 Stoica,
460 603 516 670 sed
529 605 715 693 planissime
731 604 940 689 Academica,
960 607 1077 697 scripta
1089 609 1163 674 reli·

95 709 181 795 quit:
196 707 262 772 «Id
274 730 352 773 vero
365 707 457 797 quod
471 709 621 798 apparuit
635 709 807 798 risumque
818 709 868 774 sui
882 710 1060 800 impressit,
1072 736 1161 780 nunc

94 813 223 900 quidem
239 815 291 878 uti
314 831 438 880 naturae
459 815 764 897 accommodatum,
796 837 886 880 nunc
908 839 986 882 vcro
1004 834 1042 882 ut
1058 820 1160 886 altero

93 919 189 985 modo
206 919 353 999 habens,
372 919 480 986 affecit
495 923 651 987 animum.
669 922 771 1004 Cujus
792 922 922 986 affectio
938 943 975 987 ea
994 925 1162 1014 Appetitio

93 1045 315 1118 nuncupatur,
333 1051 431 1118 quam
455 1027 591 1096 definire
606 1029 750 1096 volentes
768 1029 906 1119 primam
924 1031 1023 1096 animi
1042 1032 1160 1098 motio·

92 1156 164 1200 uem
188 1157 262 1200 esse
288 1133 442 1201 dixerunt
455 1134 503 1225 (r)
520 1166 545 1203 ι.
575 1119 715 1218 march
731 1151 863 1220 autem,
881 1135 916 1202 id
932 1153 998 1219 est,
1014 1153 1162 1227 agentem

93 1239 172 1304 hane
188 1239 425 1329 appetitionem
438 1239 538 1308 Stoici
551 1263 644 1307 more
652 1247 713 1306 suo
726 1240 760 1306 in
774 1241 876 1306 multa
889 1241 1066 1307 minutiora
1079 1240 1161 1305 divi·

92 1343 172 1412 dunt
184 1369 193 1413 t
204 1363 385 1412 numerant
393 1348 480 1413 enim
490 1347 558 1430 ejus
567 1347 706 1436 speeies,
719 1357 839 1428 eptam,
848 1353 974 1424 testatas,
984 1357 1162 1429 emmonis,

94 1462 240 1532 ιῃιίμσιν,
253 1462 413 1533 προαίρεσιν,
426 1463 521 1520 tason
538 1451 651 1540 :quasi
666 1449 752 1516 dicas
761 1498 770 1532 ‚
780 1454 993 1540 propesitum,
1012 1453 1161 1516 intentio·

93 1579 176 1636 amr,
188 1558 479 1644 prwparatrhnem,
495 1571 659 1640 conatum,
670 1557 855 1639 consilium,
873 1557 1079 1622 voluntatem.
1096 1557 1162 1621 Ve-

93 1683 162 1726 mm
176 1661 278 1726 nimis
296 1662 363 1742 jam
381 1663 522 1728 multum
544 1664 579 1728 in
600 1663 714 1730 Stoicis
733 1662 894 1728 senticetis
918 1663 1100 1727 haeremus:
1120 1660 1161 1726 ad

89 1767 253 1833 smeufiam
267 1789 363 1857 ergo,
374 1767 445 1834 hmo
458 1769 545 1834 enim
560 1769 637 1859 ipsis
653 1769 712 1834 viae
726 1768 800 1834 finis
813 1784 846 1833 ct
859 1767 1071 1856 navigationis
1087 1789 1163 1855 por-

89 1887 155 1956 tus,
174 1873 316 1962 ipsaque
332 1873 503 1939 beatorum
515 1874 625 1940 civitas
638 1891 702 1953 est,
721 1873 853 1940 tandem
869 1871 1071 1938 accedamus.

129 1979 178 2046 28.
197 1979 378 2046 Scieotim
394 1980 493 2046 Stoici
508 1982 595 2046 varie
610 1979 772 2046 definiunt
790 2003 798 2045 ε
822 1980 873 2044 hm
891 1978 979 2044 enim
999 1979 1068 2062 ejus
1081 1991 1159 2042 sunt

91 2086 215 2175 stipsis
236 2084 380 2152 collectae
396 2085 483 2175 apud
503 2087 668 2153 Stoheum
680 2086 727 2176 (a)
750 2084 956 2152 definitiones
974 2083 1157 2150 :asmentia

91 2207 134 2257 est
154 2191 253 2258 firma
269 2207 303 2258 et
315 2192 524 2260 immutabilis
540 2215 578 2259 ac
594 2193 713 2258 rationi
733 2193 843 2258 innixa
865 2190 1156 2280 comprehensio»,

90 2298 150 2380 mi,
166 2320 266 2387 uqum
286 2298 411 2364 ratione
423 2299 560 2364 conuelli
577 2321 644 2364 uon
662 2298 779 2387 possit,
797 2296 1045 2385 comprehensio
1059 2325 1082 2360 ι.
1095 2295 1156 2376 Et,

90 2403 265 2470 -Qtleetio
283 2427 323 2470 ex
340 2403 528 2484 hujusmodi
552 2403 693 2470 scientiis
713 2403 748 2468 in
769 2402 917 2468 rationali
942 2401 1043 2466 animi
1063 2411 1155 2488 parte

90 2509 239 2598 sapientis
257 2511 435 2576 constituta
455 2539 480 2576 ι.
498 2511 560 2588 Et,
579 2540 593 2568 ι
615 2508 770 2576 Collectio
805 2510 871 2573 site
902 2506 1085 2598 aggregatio
1118 2525 1157 2568 ex

90 2613 227 2682 scientiis
254 2613 434 2681 artificiosis
459 2613 694 2681 firmitudinem
711 2637 780 2680 ase
797 2615 866 2704 ipsa
881 2613 1021 2694 habens,
1046 2610 1155 2698 quales

91 2722 223 2788 virtutes
236 2736 351 2805 sunt»,
364 2723 416 2786 vel
425 2769 435 2804 ,
444 2722 593 2810 «qualem
602 2719 836 2789 firmitudinem
850 2719 985 2784 virtutes
1000 2714 1124 2783 habent
1132 2743 1155 2778 υ.

91 2825 161 2910 1⁴21,-
169 2827 311 2892 Habitus
323 2825 365 2892 ad
381 2826 624 2916 phantasiarum
638 2827 859 2915 receptionem
873 2819 1154 2898 accommodatus,

91 2933 248 2998 amnone
263 2931 449 2998 firmitatem
469 2933 610 3016 hahens,
628 2948 667 2998 ut
690 2932 827 2998 convelli
846 2953 913 2998 non
929 2928 1050 3019 possit,
1063 2974 1073 3009 ,
1085 2925 1157 3005 vei,

91 3061 210 3127 quem
226 3036 411 3104 convellere
425 3037 514 3103 nulla
527 3039 610 3104 ratio
624 3037 758 3127 possit».

132 3144 243 3232 29.1n
260 3144 337 3208 solis
353 3160 462 3210 antem
477 3144 653 3209 virtutibus
677 3143 725 3232 (3)
746 3157 844 3231 atque
861 3141 896 3204 in
919 3138 1064 3228 sapiente
1088 3134 1158 3199 solo

91 3249 264 3316 Smentiam
279 3271 365 3333 ease,
389 3249 574 3315 Stoicorum
591 3249 781 3338 dogmatum
799 3261 897 3335 caput
919 3259 990 3309 est:
1009 3263 1107 3330 quam
1125 3256 1158 3304 et

92 3379 258 3422 summum
272 3355 400 3420 bonum
417 3354 532 3420 dicunt
552 3371 585 3420 et
601 3356 718 3421 solum.
743 3354 854 3420 Cicero
875 3351 910 3414 in
928 3348 1064 3414 Lucullo
1082 3343 1128 3434 (i)
1148 3367 1156 3409 τ

92 3461 282 3552 *inquibus
301 3459 520 3549 [virtutihus]
539 3459 616 3525 solis
636 3460 740 3524 inesse
762 3457 859 3524 etiam
883 3454 1056 3521 Scientitnn
1075 3450 1156 3516 dici-

94 3589 187 3652 mm,
203 3589 303 3657 quam
318 3587 380 3632 nos
395 3565 517 3653 [Stoici
534 3581 568 3632 et
588 3563 797 3652 Antiochus]
809 3585 878 3630 non
894 3557 1159 3651 comprehensio·

130 3849 168 3919 (t)
179 3851 261 3912 Philo,
277 3867 333 3918 pag.
344 3865 410 3915 279,
419 3850 463 3899 lin.
474 3865 498 3913 7,
510 3862 570 3900 torn.
584 3853 606 3899 t.

131 3939 168 4006 (a)
180 3939 504 4006 Stohndielogassthio.
515 3954 672 4005 oap.a,pag.
689 3937 947 3998 171‚lin.1tctaeq.

133 4025 170 4094 (3)
181 4031 211 4078 Ι).
222 4029 350 4095 Angnsn'n.
362 4038 450 4078 contra
460 4026 538 4078 acad.
547 4025 591 4076 lib.
599 4027 648 4075 vn
658 4059 666 4087 ,
684 4035 744 4075 tom.
755 4027 776 4074 t.

135 4115 172 4180 (4)
188 4117 246 4182 Cap.
259 4117 284 4166 0.
