2748 4670
225 371 297 444 ιιι
563 375 611 444 Μ.
641 375 679 442 r.
707 338 950 444 cronnoms
1065 401 1068 404 -
1262 407 1273 436 .
1366 411 1367 434 ,

223 498 332 585 dum,
346 494 446 594 quod
464 495 602 582 dicitis,
617 494 818 594 probabilia
831 521 896 568 vos
909 500 1031 594 sequi,
1049 499 1079 569 si
1097 496 1180 569 re³⁵
1195 499 1299 571 nulla
1366 483 1367 558 j

222 606 477 706 impediamini.
513 607 673 704 Primum
707 609 772 703 qui
808 609 959 706 potestis
996 633 1071 680 non
1102 608 1297 708 impediri,
1366 603 1367 656 5

222 742 337 816 quum
357 742 378 788 a
397 718 492 788 veris
511 715 599 789 falsa
622 741 698 787 non
723 715 879 790 distent?
904 717 1046 790 Deinde
1071 719 1174 817 quod
1196 719 1298 816 jndi-

222 832 318 901 cium
344 843 398 900 est
422 828 517 916 veri,
543 852 658 925 quum
683 829 728 899 sit
747 853 943 901 commune
964 828 1068 902 falsi?
1086 837 1138 902 Ex
1157 829 1216 902 his
1236 830 1298 902 illa

222 935 422 1008 necessario
444 948 526 1004 nata
550 948 605 1005 est
626 932 778 1030 tmplffi,
799 934 837 1005 id
856 949 921 1023 est,
940 938 1154 1008 assensionis
1173 951 1295 1009 reten-

222 1049 335 1135 tio²⁷;
360 1045 398 1115 in
421 1067 493 1140 qua
517 1044 646 1116 molins
668 1044 738 1116 sibi
757 1047 923 1116 constitit
948 1047 1140 1134 Arcesilas,
1162 1048 1192 1117 si
1211 1071 1296 1118 vera

222 1170 324 1241 sunt,
342 1179 422 1252 quae
442 1152 488 1225 de
510 1153 694 1226 Carneade
713 1155 880 1226 nonnulli
900 1158 1116 1227 existimant.
1143 1158 1178 1228 Si
1198 1158 1296 1228 enim

224 1266 360 1362 percipi
378 1261 468 1336 nihil
488 1279 625 1362 potest,
648 1265 748 1363 quod
766 1267 911 1363 utrique
933 1267 1050 1338 visum
1070 1281 1144 1355 est;
1165 1267 1295 1339 tollen-

225 1373 294 1447 dus
328 1397 492 1445 assensus
519 1389 584 1446 est.
614 1373 711 1464 Quid
741 1377 838 1446 enim
867 1389 921 1447 est
946 1389 1019 1448 tam
1043 1373 1163 1464 futile,
1184 1401 1296 1474 quam

225 1484 425 1584 quidquam
446 1482 647 1582 approbare
665 1509 740 1556 non
761 1487 974 1584 cognitum?
994 1485 1217 1558 Carneadem
1236 1511 1297 1556 au·

224 1613 299 1668 tem
311 1598 418 1668 etiam
428 1595 506 1666 heri
519 1594 754 1668 audiebamus
770 1595 913 1668 solitum
927 1621 1003 1668 esse
1013 1593 1131 1667 delabi
1141 1591 1173 1638 ²⁸
1188 1597 1297 1666 inter

224 1707 330 1794 dum,
346 1720 389 1778 ut
402 1705 556 1793 diceret,
574 1707 866 1804 opinaturum²⁹‚
881 1705 919 1776 id
935 1719 1001 1795 est,
1017 1719 1254 1804 peccaturum
1263 1701 1295 1748 ³⁰

223 1979 418 2044 quodaeciditai
428 1996 505 2028 unum
518 1979 736 2028 etalterumornna
781 1991 829 2028 tam
847 1979 943 2038 vidam
961 1978 1010 2027 nial
1024 1977 1087 2027 lorte
1107 1977 1152 2026 ubi
1170 1993 1223 2026 eam
1239 1977 1295 2027 iutt.

225 2061 265 2108 cai
278 2059 384 2107 vicissim
396 2059 521 2108 ostendes:
530 2075 676 2123 quamquam
686 2057 736 2108 duo
780 2072 823 2105 sna
834 2068 922 2122 sponte
936 2057 1096 2106 sustulerunt.
1109 2057 1142 2105 G.

224 2139 313 2186 viderit
325 2139 416 2200 reipsa,
434 2137 499 2185 idem
512 2137 600 2184 vidisse
619 2153 644 2184 ae
663 2145 736 2201 puta·
816 2137 858 2186 28.
878 2136 978 2184 Solitum
996 2153 1048 2184 esse
1064 2135 1150 2184 delati
1166 2135 1295 2185 intertium.

224 2215 279 2264 bit:
292 2231 336 2262 nec
349 2216 435 2262 merito
448 2215 511 2262 bauo
521 2215 662 2278 opinionem
673 2218 737 2262 Aca·
780 2215 885 2264 Goerena
894 2216 951 2264 dat:
965 2237 977 2258 ι
986 2214 1085 2264 solitum
1097 2233 1148 2264 esse
1158 2229 1189 2263 eo
1200 2215 1249 2265 del.
1257 2217 1273 2264 i.
1282 2237 1294 2258 a

225 2294 375 2342 demicoruna
385 2293 501 2342 Lucullus
511 2291 640 2341 absurdam
654 2293 725 2342 dicit.
781 2293 901 2356 Vulgata,
914 2295 1009 2358 inquit,
1023 2311 1052 2342 eo
1066 2305 1146 2353 caret;
1159 2311 1206 2343 nee
1219 2311 1294 2360 agno·

261 2373 303 2421 25.
318 2371 344 2419 Si
357 2387 384 2419 re
393 2370 474 2421 nulla.
486 2371 560 2419 Vieu.
573 2379 598 2417 et
612 2371 657 2418 Dr.
669 2371 740 2419 nulla
783 2383 855 2420 acunt
864 2383 926 2437 part.
937 2374 1023 2439 scripti
1029 2373 1136 2438 editiqne
1145 2374 1295 2423 vett-lamb.

223 2469 251 2500 re
256 2471 268 2511 ,·
280 2450 331 2500 art.
342 2452 481 2514 reiguorat.
495 2449 542 2498 Sed
554 2451 670 2514 utrinqne
679 2467 739 2514 pec·
785 2451 832 2499 leuc
844 2463 900 2501 anta
913 2451 1010 2500 saliuam
1020 2451 1100 2510 addit3
1110 2454 1194 2502 Daris.
1205 2455 1295 2502 mavult

224 2544 289 2580 eant.
302 2532 619 2580 semustotinaeontextua
628 2527 669 2575 hie
683 2539 735 2580 eat:
780 2546 808 2577 eo
830 2529 888 2580 laet
912 2531 971 2582 Em.
989 2531 1064 2580 verbo
1086 2547 1141 2579 esse
1160 2533 1254 2594 ejecto,
1267 2551 1294 2582 ee

222 2613 270 2660 «lu
279 2625 309 2659 eo
319 2627 376 2660 vero
384 2608 523 2657 malerobia
532 2607 660 2666 constatis,
668 2607 737 2671 quod
780 2607 894 2659 substitui
899 2609 977 2672 jubet.
984 2611 1078 2658 Wetzel
1088 2610 1157 2658 dedit
1166 2628 1196 2659 eo
1207 2612 1295 2672 delabi,

223 2707 268 2739 voe
275 2702 355 2740 restra
366 2685 454 2738 erbaria
466 2689 535 2753 sequi
546 2687 698 2747 dicitis2uisi
711 2704 736 2736 re
780 2687 937 2750 esseabjecto.
945 2688 1035 2754 Lepide
1043 2686 1152 2739 lliilaem.
1160 2691 1295 2756 quorsum?

222 2770 303 2834 aliqua
315 2769 490 2835 impediamini.
508 2765 557 2816 Sed
570 2765 677 2831 primum
690 2765 736 2814 im·
780 2778 867 2831 rogat:
882 2780 1005 2832 tamqnam
1015 2769 1048 2815 ita
1063 2768 1150 2816 Cicero
1164 2759 1293 2820 eiaolito!

223 2849 357 2914 pediamini
373 2863 471 2898 necesse
495 2856 545 2906 est,
561 2846 583 2893 si
600 2844 664 2894 inter
679 2862 736 2894 vera
779 2847 873 2895 Vellem
885 2847 924 2895 vel
936 2863 987 2895 nno
997 2845 1054 2895 loco
1065 2846 1106 2895 ille
1116 2847 1167 2895 boe
1176 2865 1293 2914 quorsum

224 2939 248 2976 et
266 2928 324 2976 falsa
347 2927 395 2992 (ut
415 2924 516 2991 dicitis)
534 2925 595 2974 nibil
617 2925 716 2974 intereat
728 2917 746 2974 ι’
779 2939 850 2974 annm
862 2924 1008 2974 stabilisset:
1022 2927 1057 2974 aie
1070 2927 1135 2974 enim
1147 2925 1230 2978 ἄθετον
1241 2930 1293 2977 erit.

223 3007 311 3056 deinde
325 3008 368 3071 qui
383 3017 465 3072 puteat
485 3003 608 3053 criterium
621 3005 673 3053 veri
695 3005 735 3054 lo·
778 3003 918 3064 Alfenum,
944 3021 976 3053 ex
992 3006 1106 3069 vulgata,
1124 3005 1210 3056 locum
1230 3021 1294 3058 reete

222 3085 390 3150 eumbabere,
404 3087 518 3134 siveram
535 3093 560 3131 et
574 3083 659 3131 falsum
673 3099 735 3132 eon·
778 3084 1020 3149 putabie;aictamen
1030 3085 1143 3134 facillime
1151 3089 1294 3148 sanandum,
1329 3081 1332 3086 ¹

222 3165 321 3213 eidam?
329 3187 341 3207 n
355 3166 387 3213 G.
779 3174 847 3212 uteo
859 3151 917 3228 posit
928 3179 979 3211 esse
987 3164 1095 3229 elapsum
1103 3163 1200 3226 judices
1213 3185 1220 3216 ι
1232 3168 1294 3216 iuter

258 3235 398 3308 adllrmypi.
408 3242 502 3292 Gallice
512 3243 572 3290 verti
582 3255 665 3306 poaaet
675 3243 736 3290 l'ar·
779 3243 866 3290 eenim
880 3253 905 3290 et
916 3243 944 3302 a,
955 3259 984 3290 eo
997 3259 1048 3291 non
1058 3245 1172 3293 excidere
1184 3262 1238 3294 nou
1251 3263 1294 3312 po-

222 3319 736 3388 rdtplailosoplaiqne.-Delatez-‘p'diaaernit
778 3322 866 3380 tuisse,
884 3321 962 3371 rides.
979 3324 1041 3370 Esse
1057 3324 1119 3372 male
1136 3341 1194 3373 cum
1211 3327 1294 3376 Daris.

222 3399 370 3450 doete'lled.
384 3399 643 3462 nysenseoirlilm.
659 3399 732 3461 aar,
778 3411 803 3449 et
812 3403 892 3450 Weta.
905 3400 1009 3459 delebis,
1024 3418 1099 3465 quum
1118 3403 1195 3452 verbo
1215 3405 1293 3455 subet.

221 3483 247 3529 S.
271 3481 328 3528 rod.
347 3480 494 3543 Zwarraiger,
508 3495 536 3544 p.
559 3479 617 3538 146.
635 3479 694 3528 vid.
709 3491 735 3529 et
779 3481 1295 3548 resaccnratineexpoaitaindicetur-:qnod

220 3569 275 3607 not.
296 3557 326 3604 ad
348 3555 434 3606 Euseb.
451 3575 529 3622 praep.
546 3574 584 3606 ev.
600 3559 643 3607 lib.
658 3561 733 3621 xlv,
777 3558 866 3607 t'actnm
884 3559 964 3624 pridie
988 3577 1053 3620 ease,
1070 3559 1141 3610 valde
1165 3563 1294 3628 probabile

220 3655 247 3701 p.
260 3637 326 3697 732,
343 3635 402 3683 edit.
416 3635 503 3684 Colon.
516 3639 594 3686 ll.-
606 3638 665 3687 Vid.
678 3641 731 3688 Pet.
777 3647 828 3698 eat,
848 3655 923 3703 quum
944 3642 996 3702 eJ'ne
1016 3640 1064 3688 boe
1087 3642 1112 3688 iu
1132 3640 1198 3691 libro
1218 3643 1293 3692 modo

220 3715 251 3763 de
259 3715 369 3762 Valentia
379 3713 494 3762 Academ.
504 3714 580 3774 lib.V‚
592 3715 606 3781 S
619 3719 660 3766 52.
777 3717 847 3766 allud
862 3717 957 3782 agendo
968 3719 1061 3766 mentlo
1074 3717 1126 3768 liat.

252 3791 733 3857 27.ldest,assensionimrentiomuam
767 3831 770 3838 .
813 3813 855 3862 ap.
876 3798 1046 3862 Opinatnrum.
1068 3799 1174 3862 Opinati
1191 3813 1242 3859 est,
1266 3813 1292 3850 nt

218 3873 350 3921 baecverba
357 3873 383 3920 P.
390 3871 485 3919 Manat.
492 3881 516 3918 et
523 3873 606 3924 bamb.
614 3874 645 3922 de
652 3875 730 3938 glonna
774 3876 800 3923 in
811 3877 967 3941 sequentibus
978 3889 1064 3926 auctor
1076 3879 1198 3939 declarat,
1211 3897 1289 3928 aasen-

216 3964 327 4018 snspecta
345 3951 451 3999 babent:
466 3953 533 4014 quasi
547 3968 661 4017 umquam
675 3955 728 4006 Cic.
774 3955 815 4003 tiri
827 3957 861 4004 rei
872 3955 937 4004 l'alsae
949 3955 989 4004 rel
1001 3958 1147 4021 incognita.

215 4031 254 4078 bis
275 4032 301 4079 ln
325 4027 502 4095 philosophicis
522 4045 623 4092 grecam
645 4047 729 4080 vocem
811 4035 852 4082 30.
863 4033 897 4082 Id
905 4045 951 4095 est,
958 4047 1124 4100 peccaturam.
1135 4037 1225 4100 Seripti
1234 4035 1292 4102 plu-

215 4109 360 4174 ponat,cni
370 4107 592 4172 interpretationem
600 4122 650 4157 uon
660 4110 730 4158 addi·
774 4127 825 4170 ree,·
846 4112 909 4162 idem
927 4131 951 4162 v.
973 4114 1038 4164 item.
1058 4115 1105 4164 Sed
1126 4114 1220 4164 librarii
1239 4131 1289 4164 nou
