2764 4688
233 389 299 486 198
589 387 866 458 excursus
891 388 935 456 v.

227 511 282 574 riri
313 509 411 573 etiam
434 519 620 584 metuente,
639 531 742 596 quum
765 506 852 596 apud
871 507 967 588 alios,
993 521 1065 571 tum
1092 507 1181 596 apud
1210 507 1306 576 bunt·

228 629 377 680 nostrum
386 613 535 695 Sextum,
552 611 639 678 idem
651 613 759 678 valens
777 611 868 700 quod
886 624 912 674 et
925 617 1130 694 aaronem,
1149 635 1217 676 non
1224 637 1306 700 per·

227 725 320 808 cipio.
348 721 452 785 Porro
478 720 695 784 Ciceronianis
721 720 809 783 bisce
838 718 1160 808 interpretationibus
1188 719 1305 783 licebit

228 829 361 892 fortasse
378 827 518 916 aliquam
540 823 674 908 addere,
691 841 730 890 ut
744 835 923 896 καταληπτὸν,
942 847 1009 888 non
1028 826 1137 890 solum
1156 847 1306 914 compre-

228 932 390 1017 hensibile,
409 932 579 997 sedetiam
591 932 820 1022 perceptibile:
841 947 873 996 et
891 940 1066 998 marboeto
1083 955 1150 997 non
1170 947 1306 996 tantum

228 1028 548 1130 incomprehensibile,
577 1062 692 1104 verum
723 1041 818 1104 etiam
845 1037 1090 1127 imperceptibile
1122 1054 1305 1110 vertamus.

228 1145 421 1234 Paupertate
443 1145 601 1210 sermonis
618 1143 734 1233 (latini)
756 1144 950 1208 laboramus.
969 1143 1065 1207 Utin
1084 1144 1224 1208 Lucullo
1249 1143 1308 1206 Ci-

227 1275 302 1317 cero
320 1254 390 1315 vult
406 1261 542 1331 texente
556 1273 624 1315 esse
645 1253 872 1338 cognitionem,
888 1253 1136 1337 perceptionem,
1158 1271 1308 1336 compre-

228 1358 424 1437 hensionem,
443 1358 486 1421 ita
499 1355 575 1422 alibi
588 1357 697 1447 jungit
710 1358 810 1436 nosci,
823 1355 947 1444 percipi
952 1401 962 1436 ,
980 1353 1222 1443 comprehendi;
1234 1353 1309 1417 vid.-

227 1488 297 1553 cap.
316 1463 346 1530 8.
365 1466 404 1529 ln
422 1486 491 1528 uno
506 1463 579 1528 loco
598 1465 664 1528 Cic.
682 1463 778 1545 dicit,
797 1467 898 1542 nosci,
907 1465 1041 1551 percipi,
1059 1460 1291 1549 comprehendi
1297 1486 1309 1538 ,·

169 1655 173 1660 Ι
229 1572 261 1634 in
274 1570 374 1634 altero
384 1569 606 1657 comprehensi,
616 1575 768 1658 percepti,
781 1571 904 1656 cogniti
912 1567 1063 1632 distincte
1077 1566 1182 1655 ponit,
1195 1589 1307 1654 quum

229 1675 306 1740 alibi
323 1699 358 1740 ea
380 1681 523 1756 leodelene
541 1699 609 1740 esse
631 1675 789 1757 voluerit,
812 1691 845 1738 et
862 1673 957 1738 nobis
974 1682 1110 1750 κατάληψιν
1129 1673 1180 1736 vel
1195 1673 1311 1758 cogni·

230 1783 361 1862 tionem,
383 1783 435 1845 tel
447 1784 696 1870 perceptionem,
710 1780 759 1844 vel
776 1779 1082 1868 comprehensionem
1096 1778 1309 1866 interpretari

231 1887 423 1976 permiserit.
434 1887 519 1951 Nam
528 1889 651 1968 Cicer0,
660 1910 763 1976 quum
781 1885 876 1950 nobis
893 1885 1032 1949 liberum
1052 1884 1146 1964 facit,
1165 1892 1310 1961 tertiolo

230 2008 286 2056 aut
307 1995 535 2079 cognitionem,
564 2009 620 2056 aut
636 1997 887 2082 perceptionem,
914 2006 971 2054 aut
995 1989 1309 2078 comprehensionem

230 2123 372 2184 vertere,
388 2107 511 2170 horum
534 2108 634 2183 trium
656 2107 825 2196 optionem
845 2103 1215 2191 nobis‘dat,‘tamquam
1233 2125 1311 2191 qum

231 2219 363 2276 sensum
388 2211 541 2278 eumdem
563 2211 724 2294 efficiant,
745 2199 1092 2301 accipiendoverbum
1118 2209 1310 2273 Stoicorum

202 2363 206 2371 ,
230 2317 325 2382 latius
343 2331 376 2381 et
393 2317 592 2406 generalius,
619 2340 686 2380 non
712 2333 821 2381 autem
840 2316 908 2398 ejus
931 2314 1135 2404 etymologiae
1152 2314 1310 2380 insisten-

231 2424 285 2489 do.
297 2410 362 2488 Pro
375 2424 533 2490 Cicerone
550 2425 626 2488 iacit
643 2424 797 2507 Galenus,
807 2423 865 2512 qui
880 2434 1041 2490 καταληπτὸν
1055 2421 1246 2510 simpliciter
1257 2445 1312 2485 ex-

230 2532 324 2621 ponit
336 2541 457 2612 γνωστᾶν.
478 2531 564 2595 Dicit
578 2532 686 2596 enlm:
702 2531 758 2612 ipe
778 2535 805 2592 δ’
824 2540 875 2593 οὔτ’
892 2539 949 2592 ἄλλο
969 2559 994 2592 τι
1016 2543 1177 2595 καταληπτὸν
1195 2521 1313 2608 ἡγόῦμαι

231 2643 356 2713 σημαίνιιν
374 2643 445 2714 παρὰ
457 2643 619 2713 sipontin·
631 2643 684 2695 οὔτ’
698 2643 755 2696 ἄλλο
773 2662 797 2693 τι
812 2643 840 2694 τὸ
860 2638 1114 2711 καταλαμῧάνεσθαι,
1134 2643 1178 2692 τοῦ
1197 2637 1311 2704 briain<

181 2747 184 2755 '
210 2785 212 2791 .
230 2740 368 2811 γινώσκω·
384 2741 501 2813 &vneror
515 2733 542 2792 δ’
560 2742 643 2802 αὐτοῖς
660 2741 774 2813 npetu
792 2738 835 2794 nh
853 2758 881 2792 rt
903 2737 1057 2808 κατάληψιν,
1073 2737 1114 2789 καὶ
1131 2736 1176 2794 nlt
1193 2744 1312 2794 aaron·

229 2837 320 2894 πτικὴν
332 2837 482 2907 φαντασίαν.
501 2826 550 2890 Ita
571 2827 684 2890 Cicero
708 2825 896 2914 simpliciter
912 2825 994 2904 ,elicit
1019 2827 1160 2912 cogniti,
1181 2847 1245 2888 nec
1263 2841 1312 2888 ta-

230 2956 306 2998 men
323 2932 364 2996 ad
383 2932 561 3019 quamlibet
578 2937 792 3018 cognitionem
812 2931 936 3013 retulit,
954 2931 1012 2996 sed
1019 2932 1159 3018 firmem
1179 2953 1219 2994 ac
1241 2945 1312 2994 stn-

231 3037 324 3104 biiem
356 3038 524 3104 intellexit.
564 3037 711 3120 Gellius,
740 3039 932 3102 Ciceronem
958 3037 1123 3117 imitatus,
1149 3035 1191 3101 ad
1216 3038 1310 3102 verbi

231 3152 470 3225 neeoepttmtet
497 3145 822 3234 interpretationem,
853 3143 937 3208 duos
970 3141 1118 3223 adjunxit
1149 3149 1239 3206 nosci
1278 3163 1311 3207 et

227 3253 348 3340 percipi
362 3251 550 3316 infinitivus.
569 3253 673 3318 Porro
692 3253 854 3317 Lucienus
873 3249 1109 3338 (intemptent)
1124 3248 1312 3314 introduxit

232 3359 409 3444 scepticum
425 3357 659 3448 philosophum
674 3359 845 3424 mercatori
859 3355 1131 3445 respondentem,
1147 3378 1183 3420 se
1196 3357 1311 3420 omnia

233 3477 382 3550 proestare
401 3484 514 3549 posse,
539 3481 755 3552 praeterquam
772 3470 899 3545 δραπέτην
912 3468 1096 3544 pertinetem,
1123 3477 1156 3524 et
1177 3483 1310 3525 causam

234 3566 442 3650 reddentem,
472 3579 510 3632 te
534 3583 560 3632 οὺ
587 3579 812 3650 acceptatio.»
844 3573 1008 3636 Hactenus
1040 3569 1081 3632 tt
1110 3567 1309 3654 Stephanus.

277 3675 293 3737 J
297 3722 305 3736 .
323 3676 362 3737 A.
378 3674 544 3738 Fabricius
566 3674 637 3740 adv.
658 3675 761 3741 Math.
784 3677 839 3742 lib.
852 3675 915 3740 VII
952 3677 1023 3762 (seu
1037 3672 1109 3737 adv.
1124 3674 1241 3762 Logic:
1252 3674 1309 3738 lib.

233 3782 267 3864 l,
291 3795 369 3845 sect.
401 3779 476 3867 283)
504 3781 685 3848 observat:
712 3783 835 3850 Passim
862 3782 1063 3869 distinguere
1095 3780 1181 3844 Sext.
1209 3781 1309 3870 Emp.

233 3897 411 3972 ἄνεπινόητον,
427 3903 459 3950 et
474 3896 650 3954 ἀκατάληπτον
668 3887 743 3972 (vid.
759 3889 800 3954 ad
818 3888 933 3977 Pyrrh.
950 3888 1035 3974 Hyp.
1055 3884 1111 3950 lib.
1130 3885 1179 3966 fl,
1201 3908 1226 3950 s.
1243 3887 1309 3971 22).

178 4069 183 4078 ι
235 3990 398 4057 Nimirum
419 3990 501 4056 illud
524 4009 587 4074 est,
615 3995 726 4074 «cujus
751 3997 838 4060 nulla
864 4012 913 4059 est
934 3993 1066 4074 notio»;
1086 3993 1152 4056 hoc
1174 4007 1309 4070 autem,

234 4098 343 4184 «quod
362 4098 486 4164 ratione
504 4113 537 4162 et
553 4099 700 4164 sensibus
721 4121 787 4164 non
804 4116 914 4188 potest
929 4095 1206 4186 comprehendi»,
1241 4098 1309 4160 scil.
