2776 4688
299 375 336 441 P.
363 369 605 440 VALENTIAE
630 368 913 440 ACADEMICA.
1090 369 1140 442 63

61 514 133 560 tras
146 491 476 582 comprehendemus.
502 491 653 580 Namque
679 490 765 556 inter
789 514 862 581 quae
886 491 968 561 nihil
991 493 1137 580 intest,

64 601 324 689 iraudqttaquam
346 599 483 664 alterum
496 598 712 687 percipietur,
725 599 863 664 alterum
882 599 1016 664 minime
1033 604 1139 690 perci.

62 732 141 797 pere
158 708 294 772 licebit:
311 705 368 770 sed
379 706 465 770 inter
477 705 544 770 visa
557 727 632 768 vem
647 721 681 770 et
696 705 774 768 falsa
787 704 869 768 nihil
883 705 1030 790 interest,
1044 708 1138 774 falsa·

64 839 131 902 que
148 836 220 878 non
240 828 382 902 possunt
407 810 641 900 comprehendi
666 835 675 876 t
699 811 799 900 igitur
821 834 929 900 neque
952 835 1039 880 vera.
1062 815 1138 881 Visa

63 921 175 1009 aliqua
198 942 268 984 esse
289 920 368 985 falsa
393 919 482 984 solus
504 919 639 983 fortasse
665 918 828 1007 Epicurus
851 919 1007 1008 negabat,
1038 943 1138 1009 quem

64 1026 252 1106 conjunctis
266 1026 390 1090 ritihus
404 1023 586 1090 Academici
602 1041 635 1089 et
651 1024 751 1090 Stoici
768 1040 802 1088 et
817 1025 1015 1113 reliquarum
1027 1025 1137 1093 Secta·

65 1153 140 1195 rum
150 1131 256 1196 mrhae
264 1153 381 1194 omnes
396 1128 641 1218 impugnabant.
655 1129 740 1193 illud
756 1145 824 1193 erat
835 1127 997 1194 difficilius
1013 1130 1139 1199 durius·

65 1261 152 1324 que,
174 1237 325 1314 maxime·
339 1234 621 1325 propugnantibus
646 1235 782 1316 Stoicis,
808 1235 896 1300 inter
913 1236 979 1300 visa
1004 1257 1080 1302 vera
1103 1253 1137 1306 et

66 1344 162 1424 fana,
181 1341 273 1431 quod
289 1340 330 1406 ad
345 1341 586 1430 perceptionem
601 1340 991 1430 comprehensionemque
1003 1344 1136 1427 attinet,

65 1449 148 1512 nihil
166 1450 333 1514 interesse.
360 1449 400 1512 In
419 1448 482 1513 hoc
504 1447 645 1512 maxime
669 1446 851 1512 Academici
880 1447 1063 1534 desudant,
1081 1451 1136 1516 hic

66 1557 211 1643 ipsorum
234 1554 417 1642 precipuus
441 1554 533 1618 labor
556 1569 590 1618 et
611 1568 764 1635 conatus,
790 1554 963 1642 omnisque
979 1545 1132 1622 adversus

65 1683 179 1726 sensus
201 1678 237 1725 et
255 1659 530 1725 consuetudinem
548 1660 774 1748 rationemque
792 1681 924 1724 omnem
942 1675 1041 1750 atque
1056 1683 1134 1727 con·
1193 1681 1197 1690 ·

63 1769 220 1846 jectnram
235 1767 382 1856 ipsorum
397 1765 572 1855 disputatio
582 1765 624 1830 de
639 1765 704 1830 hoc
719 1780 784 1847 ett,
802 1764 883 1829 dum
898 1766 1049 1832 universa
1064 1769 1134 1834 hec

66 1895 233 1954 enervare,
255 1869 451 1958 infirmaque
469 1869 512 1935 ad
528 1869 670 1935 veritatis
685 1869 844 1949 judicium
862 1891 900 1934 ac
917 1871 1133 1959 comprehen-

64 1979 188 2042 sionem
206 1976 345 2044 reddere
368 1977 458 2040 omni
476 1975 586 2040 studio
609 1975 828 2057 adnituntur3
855 1973 955 2063 idque
974 1975 1048 2042 ideo
1069 1979 1132 2066 ipsi

65 2083 243 2148 admonent
272 2097 306 2146 ct
331 2081 468 2145 maxime
494 2079 685 2146 adnotamrn
710 2079 845 2162 volunt,
869 2080 979 2146 omnia
1003 2085 1134 2170 quarab

66 2191 136 2277 ipsis
154 2205 272 2254 contra
290 2205 406 2252 sensns
420 2203 601 2274 contraque
620 2187 880 2276 perspicuitatem
905 2187 1074 2272 dicantur,
1092 2190 1133 2256 ad

66 2317 132 2358 eam
145 2295 343 2360 divisionem
359 2293 538 2381 pertinere,
561 2311 627 2379 qua
642 2291 707 2356 visa
727 2291 763 2354 in
783 2313 819 2356 ea
836 2313 909 2381 qum
923 2295 1043 2384 percipi
1057 2315 1134 2384 pos-

65 2419 156 2482 sunt,
171 2418 205 2466 et
220 2401 256 2464 iu
280 2422 318 2464 ea
340 2421 413 2488 quae
429 2421 498 2464 non
514 2413 669 2486 possunt,
686 2397 887 2464 dividunmr.
910 2401 1133 2489 Reprehensio

65 2531 138 2572 tero
153 2508 227 2590 illa,
243 2529 317 2594 que
333 2507 368 2571 in
386 2506 438 2570 his
457 2504 619 2593 implicata
643 2503 789 2586 videtur,
813 2525 945 2594 quaque
961 2507 1131 2573 Philonem

64 2616 200 2680 maxime
216 2613 442 2702 perturbatum
460 2633 590 2678 narrare
612 2608 745 2676 solitum
768 2613 969 2677 Antiochum
985 2656 997 2696 ‚·
1018 2615 1134 2679 Cicero

65 2705 162 2784 reiert
175 2720 213 2784 in
231 2718 369 2784 Lucullo
385 2717 472 2808 (cap.
491 2721 548 2801 14,
561 2717 603 2797 34
613 2715 646 2806 ),
665 2716 748 2781 nihil
763 2733 813 2782 est
828 2717 917 2805 qood
934 2737 1131 2806 quemquam
1194 2771 1196 2776 .

65 2841 278 2890 commoveat.
291 2826 338 2889 Ea
348 2841 414 2908 est,
429 2851 443 2880 κ
454 2823 623 2888 Contraria
636 2821 697 2887 uhi
710 2821 817 2887 dicere
830 2843 905 2887 enm
919 2869 928 2905 ‚
943 2823 1014 2912 qui,
1028 2823 1133 2912 phun·
1204 2808 1206 2816 ¹

65 2931 148 2995 tasiie
164 2933 198 2995 in
218 2933 314 2995 veras
326 2943 360 2994 et
376 2929 470 2994 falsas
492 2928 623 3010 divisis,
647 2927 728 2992 nihii
744 2949 834 2992 veras
850 2949 869 2992 a
888 2927 974 2994 falsis
999 2929 1132 2995 differre

65 3059 174 3104 rursus
189 3037 357 3102 affimat:
376 3035 466 3124 quod
483 3035 689 3100 tantumdem
714 3057 752 3102 ac
772 3035 950 3122 plurimum
973 3036 1058 3102 inter
1080 3057 1133 3101 eas
1153 3099 1156 3108 ,

65 3143 219 3208 interesse
230 3160 264 3207 et
275 3143 359 3206 nihil
372 3143 542 3223 interesse,
561 3141 656 3205 simul
672 3161 794 3231 ponere
810 3140 861 3203 sit.
878 3141 1028 3227 Namque
1041 3138 1076 3203 id
1088 3141 1133 3205 ita

66 3265 143 3314 esset
160 3249 226 3336 (ait
238 3248 322 3312 idem
331 3247 706 3314 RomanusAccdamicus
718 3245 804 3334 (1))‚
826 3246 1047 3310 sincerarum
1062 3269 1134 3311 orn·

66 3357 141 3420 nino
157 3356 356 3422 tolleremus.
372 3356 448 3422 Non
472 3355 628 3437 iacimua3
653 3375 729 3418 nam
754 3369 822 3417 tam
843 3371 918 3415 vera
938 3371 1036 3439 quom
1055 3353 1132 3419 falsa

11 3471 12 3522 i
67 3464 227 3527 ceruimus
246 3486 255 3526 ε
273 3461 331 3526 sed
352 3461 513 3550 probandi
537 3460 658 3549 species
682 3475 751 3541 est,
779 3456 980 3548 percipiendi
1000 3459 1132 3550 signum

11 3579 12 3636 ἓ
68 3568 191 3632 ιιιιΙΙιιιιι
210 3567 368 3632 hahemus
380 3599 405 3631 ι.
420 3569 551 3656 Itaque,
566 3583 604 3630 nt
617 3565 658 3630 ad
670 3581 824 3630 nauseam
838 3581 943 3654 usque
958 3566 1133 3653 repetitum

67 3674 195 3757 volunt,
211 3697 295 3738 verae
316 3689 349 3738 et
368 3673 453 3737 falsae
471 3671 647 3761 phantasiae
664 3687 758 3754 sunt,
771 3669 836 3734 hoc
852 3685 917 3754 est,
934 3693 1005 3758 quae
1024 3690 1133 3736 reram

68 3775 111 3842 rei
122 3775 370 3844 similitudinem
382 3779 542 3860 referant,
555 3793 587 3844 et
601 3799 673 3866 quae
687 3773 904 3860 mentiantur3
922 3775 1010 3864 quod
1026 3792 1134 3840 tamen

69 3883 106 3949 ad
120 3901 265 3950 nostram
282 3884 609 3973 comprehensionem
627 3884 762 3965 attinet,
780 3883 866 3947 inter
883 3898 1037 3972 utrasque
1052 3880 1133 3946 nihii

100 4110 135 4172 (ι)
152 4107 438 4172 unumuompnr.
543 4081 546 4086 ’
