2770 4688
447 361 726 432 PRAEFATIO.
1071 397 1119 444 xv

76 475 179 583 q‘uum‘
194 495 229 555 et
251 487 445 581 quoniam,
467 499 535 554 aut
560 496 595 554 et
623 483 743 572 haud,
770 511 851 557 num
874 503 910 560 et
928 491 1042 583 unde,
1055 497 1123 566 mi.

77 614 176 684 serat,
192 621 259 670 nec
275 621 360 668 raro
378 620 506 693 quom,
526 620 600 668 non
621 623 750 695 quum,
770 600 934 697 praebeat.

80 765 86 780 .
116 713 181 784 «2⁰
200 709 434 800 DrasdensIs,
461 735 614 783 nurnero
636 710 682 786 50
700 716 907 812 insignitus,
936 722 1001 816 qui
1031 725 1122 820 ⁴item

75 842 256 925 utrumque
276 825 409 896 librum
435 829 607 897 continet.

115 938 563 1037 «3⁰Uslenbachianus,qui
571 940 681 1011 modo
688 941 847 1040 primum
855 943 986 1017 librum
996 948 1122 1044 habet3
1136 983 1139 988 ·

114 1055 175 1142 «4⁰
185 1055 374 1126 Gudianus
389 1058 444 1141 ΙΙ,
461 1056 523 1150 qui
542 1053 659 1125 solum
674 1056 884 1129 Lucullumt
898 1071 970 1132 tres
987 1061 1025 1132 hi
1039 1065 1122 1138 libri
1197 1109 1200 1116 -

71 1172 136 1266 jaru
151 1169 292 1242 anobis
310 1169 425 1240 notati
441 1170 555 1266 sunt(
580 1167 603 1264 ).

114 1283 171 1360 «δ’
191 1285 418 1380 Erlangensis
436 1285 473 1353 in
495 1281 713 1354 bibliotheca
731 1284 942 1360 Academica
961 1291 1122 1392 Erlangae

73 1414 271 1486 asservatur,
284 1397 400 1495 figura
415 1401 589 1485 maxima,
606 1421 758 1470 numero
774 1399 836 1488 38,
850 1415 891 1472 et
907 1419 1035 1500 praeter
1049 1413 1122 1481 Lu·

73 1515 211 1600 cullum,
233 1512 347 1583 libros
368 1510 414 1583 de
433 1510 602 1601 Finibus,
624 1511 669 1584 de
694 1515 829 1584 Natura
859 1518 1045 1609 Deorum,
1074 1522 1119 1597 de

72 1630 287 1700 Divinatione
297 1681 307 1716 ,
317 1625 363 1697 de
373 1623 530 1713 Officiis,
544 1631 729 1713 Catonern,
744 1628 913 1719 Laelium,
927 1635 1120 1729 Paradoxa,

73 1743 230 1814 Timaeum
247 1742 330 1827 (hos
348 1743 506 1838 quatuor
521 1739 661 1812 libellos
677 1742 744 1813 alia
760 1767 888 1814 manus
909 1747 1123 1850 inscripsit),

74 1859 237 1929 orationes
251 1879 401 1953 quoque
411 1854 609 1935 nonnullas,
616 1855 878 1953 complectitur.
887 1863 957 1950 Qui
969 1862 1050 1935 licet
1059 1891 1122 1938 sre-

73 1971 134 2042 culi
144 1975 268 2059 xvsti,
277 1985 314 2042 et
331 1970 552 2058 chartaceus,
566 1984 687 2040 tamen
701 1969 825 2069 probae
842 1989 937 2044 notae
952 1975 1120 2056 liberast.

112 2086 176 2157 «6⁰
186 2085 491 2174 Wratislaviensis,
500 2084 815 2173 membranaceuS,
829 2084 1057 2166 bibliothecae
1069 2113 1123 2171 est

70 2200 342 2300 lledhigeriauae‚
358 2225 460 2296 aeque
480 2199 606 2272 saeculo
623 2205 687 2273 XV
704 2204 878 2299 scriptus,
898 2207 1121 2308 collatusque

70 2314 163 2388 nobis
183 2319 448 2388 accuratissime
462 2313 705 2386 benivolentia
719 2315 956 2408 Seliummeli,
975 2323 1136 2400 illustris·

96 2510 132 2577 (t)
145 2507 174 2559 Iu
187 2506 343 2580 prolatione
356 2504 430 2556 librr.
442 2501 476 2556 de
485 2503 611 2574 Legibus,
631 2503 678 2555 ubi
692 2503 729 2557 sio
741 2503 925 2560 describuntur
936 2527 944 2560 r

97 2593 247 2648 -Gudianua
256 2596 296 2660 ll,
305 2593 417 2644 Membr.
426 2591 645 2662 Corruptissimus
654 2591 698 2642 ille
706 2591 812 2662 quidem
823 2604 876 2656 est,
888 2595 935 2648 sed
947 2597 1024 2651 bouis
1033 2601 1123 2657 lectio-

67 2683 132 2736 nibus
154 2685 288 2756 frequens.
306 2680 461 2735 Accuratius
475 2679 634 2752 descriptum
647 2678 708 2732 vide
721 2679 749 2732 in
761 2679 877 2734 editione
889 2683 1048 2741 Officiornm
1062 2691 1122 2747 Cic.

66 2789 135 2842 quana
147 2771 304 2843 Heusingeri
317 2783 453 2837 curarunt,
462 2771 537 2826 Prot.
548 2789 575 2841 p.
587 2765 662 2834 XVI,
673 2787 747 2840 seqq.
760 2768 807 2822 ubi
814 2773 909 2834 pn'mru
924 2777 1025 2842 Guelprlr.
1037 2778 1120 2834 audit.

66 2859 98 2911 Ex
110 2861 253 2933 archetypo
269 2860 315 2912 ille
329 2860 447 2914 manavit
468 2857 540 2912 haud
561 2857 644 2910 dubie
655 2857 854 2928 antiquseirno:
869 2877 930 2912 nam
945 2863 1051 2934 sepina,
1073 2886 1122 2939 pro

66 2955 139 3016 eujus,
149 2955 253 3018 pejus,
269 2947 326 3000 lere
337 2965 440 3018 semper
453 2950 515 2998 idem
527 2963 577 3018 pro
590 2947 676 3006 iidem,
689 2956 740 2998 etc.
752 2943 868 2998 exhibet.
888 2947 1011 3003 Ceterum
1025 2955 1122 3010 rectius

64 3055 115 3089 eum
127 3038 224 3094 sarculo
238 3036 308 3089 XIII
322 3036 440 3102 exeunti,
457 3053 536 3106 quam
552 3033 669 3100 ineunti,
686 3031 824 3090 addixeris,
835 3051 918 3104 quum
933 3040 1079 3096 crebriores
1091 3043 1124 3096 Ii·

64 3127 135 3180 neolre
152 3145 232 3198 supra
247 3127 269 3187 ἰ,
287 3125 420 3196 pluraque
433 3120 588 3196 compendia
603 3122 631 3174 in
644 3139 676 3174 eo
688 3109 869 3192 reperiantur,
894 3141 975 3195 quarn
991 3128 1077 3182 solent
1094 3130 1123 3184 in

63 3215 143 3283 paullo
155 3211 353 3266 vetustioribus.

91 3302 263 3358 -Dresdensir
276 3301 321 3366 11,
340 3301 453 3353 Membr.
468 3301 553 3354 forma
566 3295 687 3370 quadra,
700 3295 769 3349 soloe
786 3294 835 3345 hos
847 3294 929 3350 libros
945 3303 1120 3374 comprehen-

62 3389 133 3456 dens,
147 3391 304 3444 charactere
319 3406 431 3441 romano
450 3386 548 3458 magis,
563 3403 642 3458 quam
654 3383 777 3436 Gothico.
788 3381 901 3436 AEtatenr
916 3386 950 3439 ad
964 3387 1017 3441 XV
1030 3395 1121 3448 saculi

62 3477 157 3532 initium
171 3481 323 3544 retulerim,
333 3477 485 3531 membrana
495 3475 662 3530 vetustiorem
673 3471 830 3539 mentiente3
839 3475 918 3548 quale
929 3477 1025 3550 sepius
1034 3477 1129 3537 animss

60 3565 189 3622 advertere
199 3569 263 3624 IIcet
273 3587 280 3622 :
292 3566 340 3622 aed
352 3585 383 3620 ex
396 3565 505 3636 antiquo
515 3562 589 3616 haud
601 3561 681 3616 dubie
694 3564 837 3634 exemplari
851 3565 999 3637 descriptus
1007 3581 1053 3626 eet
1063 3571 1119 3626 att.

60 3657 153 3727 quoties
170 3656 244 3711 euim
262 3656 365 3730 praebet
382 3658 469 3722 quojus
485 3671 537 3724 pro
554 3653 639 3720 cujus,
666 3651 740 3706 haud
757 3652 793 3706 itu
810 3673 872 3708 raro
889 3675 962 3723 quom
983 3675 1033 3728 pro
1046 3679 1120 3723 cum,-

58 3745 147 3818 ubique
158 3747 213 3800 sere
224 3783 232 3807 ,
245 3763 309 3798 cum
321 3739 549 3814 precedentibus,
565 3744 655 3812 ijus
668 3757 718 3811 pro
729 3743 816 3805 Gaius,
829 3753 879 3794 etc.
895 3741 1034 3796 scribendi
1051 3745 1121 3802 uotis

59 3831 132 3885 utitur
142 3831 300 3886 rarioribus.
314 3829 395 3882 Bonae
410 3839 479 3882 note
491 3825 568 3890 liber,
581 3843 694 3878 numero
707 3825 872 3898 dignoscitur
882 3827 939 3881 1⁵1.

88 3919 321 3981 «Ull'enbacenais,
336 3915 456 3971 melioris
466 3927 533 3970 note
543 3913 634 3976 codex,
645 3913 692 3967 sed
701 3914 728 3968 in
736 3916 777 3970 hia
786 3915 859 3970 libris
869 3929 922 3970 tam
929 3919 998 3972 male
1006 3919 1120 3990 lucerua,

58 4009 88 4063 ita
101 4009 219 4064 evanidi·
229 4008 332 4075 literis,
349 4019 380 4060 nt
392 4004 421 4058 in
433 4003 577 4060 admodum
589 4003 681 4076 paucis
691 4021 768 4058 usum
782 4004 858 4058 nobis
873 4005 990 4076 aliquem
1002 4009 1120 4076 prebere

58 4113 143 4168 posset.
154 4097 314 4154 Acenratins
323 4113 388 4150 euru
398 4093 462 4148 alibi
471 4093 717 4163 notabimue,qunm
727 4091 1059 4166 pluru'pbilosophicorum
1072 4097 1117 4150 Ci-

57 4189 148 4242 ceronis
163 4188 310 4243 confluent.
319 4207 333 4232 ι
