2770 4688
234 335 281 410 56
596 337 923 412 INTRODUCHO.

233 459 393 524 minabat:
409 479 449 524 ex
466 479 531 548 qua
549 441 715 524 exsisteret
727 459 823 524 etiarn
845 459 976 546 Opinio,
1000 477 1073 545 quas
1093 471 1177 522 esset
1193 458 1295 523 imbe-

231 565 317 648 cilla,
333 579 367 632 et
384 587 460 630 cum
481 565 561 630 falso
573 566 806 656 incognitoque
818 565 1011 630 communis.
1023 563 1086 628 Sed
1096 552 1182 628 inter
1192 566 1295 629 scien·

233 673 309 737 tiam
333 689 365 736 et
381 672 602 756 inscientiam,
622 671 947 761 comprehensionem
964 670 1071 752 illam,
1095 665 1195 758 quam
1211 671 1296 753 dixi,

154 795 158 804 ·
232 769 424 860 collocabam
442 801 577 868 oemque
597 799 704 865 neque
721 779 755 842 in
773 777 869 842 rectis
887 799 995 865 neque
1010 777 1044 840 in
1060 778 1165 865 pravis
1181 799 1296 840 nume·

232 882 340 966 rabat,
359 881 416 948 sed
442 884 503 948 soli
525 881 724 949 credendum
745 905 816 948 csse
835 881 973 947 dicebat.
1002 882 1030 945 E
1052 903 1121 970 quo
1149 882 1296 946 sensibus

233 988 329 1052 etiam
347 987 444 1054 fidem
460 989 644 1071 tribuebat,
659 987 768 1077 quod,
781 1003 821 1052 ut
838 986 1034 1076 supradixi,
1052 987 1298 1074 comprehensio

232 1095 313 1158 facta
348 1095 497 1161 sensibus
519 1112 552 1160 et
572 1117 647 1159 vera
674 1116 742 1160 esse
759 1093 804 1158 illi
826 1111 859 1158 et
882 1091 984 1158 fidelis
1011 1091 1183 1158 videbatur
1203 1117 1213 1156 t
1234 1115 1298 1156 non

232 1199 323 1288 quod
337 1203 462 1284 omnia,
477 1184 550 1291 quae
565 1217 672 1266 essent
686 1203 719 1264 in
738 1221 791 1283 re,
813 1196 1125 1290 comprehenderem
1149 1198 1208 1263 sed
1227 1199 1300 1287 quia

233 1307 332 1390 nibil,
356 1306 446 1394 quod
468 1307 582 1374 cadere
600 1309 634 1372 in
657 1331 728 1374 eam
755 1321 884 1396 posset,
906 1307 1121 1394 relinqueret,
1144 1305 1301 1394 quodque

233 1427 350 1476 natura·
375 1414 467 1500 quasi
480 1435 628 1479 normam
648 1413 788 1480 scientias
807 1427 840 1478 et
856 1413 1053 1502 principium
1071 1412 1122 1476 sui
1138 1410 1301 1492 dedisset,

233 1517 322 1582 unde
337 1535 449 1608 postea
473 1521 625 1586 notiones
648 1543 758 1586 rerum
780 1520 813 1584 in
836 1520 951 1583 animis
966 1519 1234 1608 imprimerentur
1254 1541 1263 1582 :
1286 1540 1302 1580 e

233 1620 353 1710 quibus
367 1647 433 1690 non
452 1625 608 1715 principia
622 1625 746 1702 solum,
765 1623 823 1690 sed
839 1625 967 1689 latiores
980 1623 1127 1712 quaedam
1144 1622 1186 1688 ad
1205 1624 1301 1687 ratio·

221 1745 309 1815 ,nem
323 1724 549 1791 inveniendam
563 1727 622 1792 viee
637 1727 855 1817 reperiuntur.
879 1725 1031 1792 Errorem
1052 1741 1180 1808 autem,
1204 1741 1238 1789 et
1257 1741 1303 1788 te·

233 1830 432 1915 meritatem,
448 1849 481 1897 et
504 1833 742 1922 ignorantiam,
769 1847 803 1898 et
831 1831 1069 1920 opinationem,
1094 1847 1128 1894 et
1145 1829 1303 1918 suspicio·

234 1955 328 2016 nem,
349 1951 382 2000 et
406 1959 475 2001 uno
493 1939 627 2002 nomine
649 1938 780 2019 omnia,
808 1959 881 2024 quas
903 1953 1011 2002 essent
1034 1935 1137 1999 aliena
1156 1933 1259 2000 iimnae
1274 1951 1305 2000 et

234 2039 412 2102 constantis
432 2041 643 2124 assensionis,
662 2063 682 2104 a
697 2041 817 2104 virtute
840 2040 1062 2129 sapientiaque
1088 2040 1303 2106 removebat:

233 2159 331 2231 atquc
349 2145 383 2207 in
400 2144 439 2208 iis
455 2145 522 2210 fere
538 2146 750 2210 commutatio
768 2146 916 2210 consistit
937 2146 1064 2228 omnis,
1081 2143 1304 2235 dissensioque

235 2248 375 2342 Zenonis
391 2272 408 2312 a
426 2250 648 2337 superioribus
660 2279 684 2314 ν.

280 2352 333 2417 31.
348 2355 424 2418 Haec
440 2353 528 2442 apud
537 2355 727 2420 Ciceronem
737 2357 841 2422 Varro
854 2378 862 2420 t
874 2356 928 2420 illo
938 2371 1046 2420 autern
1053 2355 1155 2422 altero
1173 2357 1250 2421 loco
1260 2355 1305 2444 (1)

235 2457 305 2546 ipse
320 2458 433 2524 Cicero
450 2483 487 2525 τι
502 2462 545 2526 Et
559 2460 623 2524 hoc
630 2460 781 2548 quidem,
799 2461 858 2544 ait,
873 2463 962 2530 Zeno
978 2478 1071 2551 gestu
1090 2459 1303 2528 conficiebat:

128 2655 134 2664 ¹
236 2586 313 2628 nam
331 2587 435 2653 quum
460 2567 598 2631 extensis
623 2565 731 2655 digitis
753 2566 919 2632 adversam
941 2590 1074 2632 manum
1096 2566 1305 2648 extenderat,

238 2670 369 2751 Visum,
393 2671 585 2760 inquiebat,
612 2671 791 2761 httJ'usnrodi
807 2687 855 2736 ert
874 2697 886 2735 :
902 2671 1020 2754 deinde
1038 2693 1142 2761 quum
1159 2673 1304 2761 paullum

236 2772 352 2863 digitos
374 2792 594 2858 contraxerat,
611 2777 767 2842 Ascensus
782 2777 985 2867 hujusmodi:
1000 2794 1073 2843 tum
1091 2801 1196 2866 quum
1211 2779 1304 2866 plane

237 2899 469 2968 compresserat
486 2903 702 2970 pugnumque
720 2885 859 2967 fecerat,
882 2883 1192 2974 Comprehensionem
1221 2884 1305 2948 illam

236 3008 301 3049 esse
316 2984 452 3051 dicebat.
473 2989 546 3072 Qua
563 3011 601 3052 ex
620 2989 831 3055 similitudine
848 2991 944 3054 etiarn
961 3013 1082 3054 nomen
1096 2991 1125 3053 ei
1137 2989 1184 3053 rei
1196 3039 1205 3072 ,
1218 2988 1305 3078 quod

236 3107 331 3160 antea
348 3116 417 3157 non
440 3093 561 3177 fuerat,
579 3107 732 3176 κατάληψιν,
748 3097 914 3186 imposuit.
933 3098 1046 3181 Quum
1062 3113 1172 3162 autem
1196 3097 1304 3160 laevam

238 3221 372 3262 manum
385 3223 498 3290 pugno
510 3201 715 3284 admoverat,
729 3219 762 3267 et
772 3202 865 3268 illum
877 3225 1026 3292 pugnum
1034 3219 1119 3268 arcte
1130 3202 1305 3266 vehemen-

239 3318 353 3392 terque
370 3325 620 3394 compresserat,
636 3309 808 3372 Scienticm
830 3310 928 3374 talem
953 3331 1022 3374 csse
1040 3307 1184 3390 dicebat,
1215 3310 1304 3389 cujus

239 3425 439 3496 compotem,
459 3412 521 3474 nisi
544 3413 750 3500 Sapientem,
776 3434 846 3477 esse
873 3415 1037 3478 neminem
1053 3443 1077 3478 υ.
1093 3413 1209 3478 Cernis
1232 3436 1304 3502 ergo

239 3534 306 3599 quo
317 3513 377 3577 ista
394 3513 508 3578 ordine
523 3515 700 3605 procedere
716 3517 816 3582 Stoici
832 3517 933 3582 velint
947 3542 955 3583 :
971 3519 1035 3584 hoc
1048 3539 1185 3607 nempe,
1196 3519 1304 3582 Phan-

217 3624 335 3699 -tcsia,
356 3619 609 3708 Comprehensio,
630 3639 662 3687 et
672 3624 786 3688 Sensus
796 3641 829 3688 et
837 3626 991 3688 Assemus
996 3675 1006 3706 ,
1017 3625 1188 3706 Memoria,
1205 3625 1306 3688 Scien-

238 3727 296 3790 tia.
311 3727 489 3791 Assensum
503 3743 611 3794 autem
627 3728 703 3795 ideo
718 3730 752 3793 in
770 3731 911 3820 imagine
923 3730 1217 3820 apprehensionem
1228 3754 1304 3820 pre·

238 3830 352 3897 cedere
379 3833 545 3922 suspicor,
577 3835 668 3924 quod
694 3837 728 3901 in
753 3837 914 3928 plerisque
940 3839 1114 3902 bominum
1143 3836 1179 3903 id
1206 3837 1301 3902 soleat

274 4049 313 4119 (r)
330 4057 359 4102 tu
372 4057 490 4120 Lucullo,
502 4075 556 4126 cap.
570 4001 623 4124 47,Ι
