<?xml version="1.0" encoding="UTF-8"?>
<!DOCTYPE html PUBLIC "-//W3C//DTD XHTML 1.0 Transitional//EN"
    "http://www.w3.org/TR/xhtml1/DTD/xhtml1-transitional.dtd">
<html xmlns="http://www.w3.org/1999/xhtml" xml:lang="en" lang="en">
 <head>
  <title>
</title>
<meta http-equiv="Content-Type" content="text/html;charset=utf-8" />
  <meta name='ocr-system' content='tesseract 3.04.00' />
  <meta name='ocr-capabilities' content='ocr_page ocr_carea ocr_par ocr_line ocrx_word'/>
</head>
<body>
  <div class='ocr_page' id='page_1' title='image "./mtciceronisquae01lemagoog_0627.png"; bbox 0 0 2784 4666; ppageno 0'>
   <div class='ocr_carea' id='block_1_1' title="bbox 64 380 1139 4165">
    <p class='ocr_par' dir='ltr' id='par_1_1' title="bbox 64 380 1139 2782">
     <span class='ocr_line' id='line_1_1' title="bbox 509 380 1134 452; baseline 0.008 -5"><span class='ocrx_word' id='word_1_1' title='bbox 509 380 704 448; x_wconf 85' lang='lat' dir='ltr'><strong>TIMAEUS.</strong></span> <span class='ocrx_word' id='word_1_2' title='bbox 1063 381 1134 452; x_wconf 86' lang='grc'><strong>605</strong></span> 
     </span>
     <span class='ocr_line' id='line_1_2' title="bbox 66 496 1137 580; baseline 0.003 -21"><span class='ocrx_word' id='word_1_3' title='bbox 66 499 277 578; x_wconf 65' lang='lat' dir='ltr'><strong>probationes,</strong></span> <span class='ocrx_word' id='word_1_4' title='bbox 289 511 376 574; x_wconf 86' lang='lat' dir='ltr'><strong>atque</strong></span> <span class='ocrx_word' id='word_1_5' title='bbox 387 496 529 574; x_wconf 86' lang='lat' dir='ltr'><strong>ejusmodi</strong></span> <span class='ocrx_word' id='word_1_6' title='bbox 541 496 770 580; x_wconf 78' lang='lat' dir='ltr'><strong>consideratione</strong></span> <span class='ocrx_word' id='word_1_7' title='bbox 784 497 844 555; x_wconf 86' lang='lat' dir='ltr'><strong>sine</strong></span> <span class='ocrx_word' id='word_1_8' title='bbox 854 499 1137 575; x_wconf 82' lang='lat' dir='ltr'><strong>poenitentiae&#39;acces-</strong></span> 
     </span>
     <span class='ocr_line' id='line_1_3' title="bbox 66 589 1136 668; baseline 0.004 -18"><span class='ocrx_word' id='word_1_9' title='bbox 66 595 156 650; x_wconf 88' lang='lat' dir='ltr'><strong>sione</strong></span> <span class='ocrx_word' id='word_1_10' title='bbox 164 591 335 659; x_wconf 88' lang='lat' dir='ltr'><strong>delectetur,</strong></span> <span class='ocrx_word' id='word_1_11' title='bbox 349 589 528 648; x_wconf 85' lang='lat' dir='ltr'><strong>moderatum</strong></span> <span class='ocrx_word' id='word_1_12' title='bbox 545 591 575 648; x_wconf 91' lang='lat' dir='ltr'><strong>in</strong></span> <span class='ocrx_word' id='word_1_13' title='bbox 588 591 649 647; x_wconf 82' lang='lat' dir='ltr'><strong>vita</strong></span> <span class='ocrx_word' id='word_1_14' title='bbox 666 589 897 668; x_wconf 80' lang='lat' dir='ltr'>prudentemque</span> <span class='ocrx_word' id='word_1_15' title='bbox 914 591 1014 650; x_wconf 91' lang='lat' dir='ltr'><strong>ludum</strong></span> <span class='ocrx_word' id='word_1_16' title='bbox 1031 613 1136 654; x_wconf 88' lang='lat' dir='ltr'><strong>couse-</strong></span> 
     </span>
     <span class='ocr_line' id='line_1_4' title="bbox 66 679 1133 760; baseline 0.006 -20"><span class='ocrx_word' id='word_1_17' title='bbox 66 697 199 759; x_wconf 87' lang='lat' dir='ltr'><strong>quetur:</strong></span> <span class='ocrx_word' id='word_1_18' title='bbox 218 682 263 740; x_wconf 83' lang='lat' dir='ltr'><strong>his</strong></span> <span class='ocrx_word' id='word_1_19' title='bbox 283 682 383 759; x_wconf 86' lang='lat' dir='ltr'><strong>utique</strong></span> <span class='ocrx_word' id='word_1_20' title='bbox 399 701 475 738; x_wconf 90' lang='lat' dir='ltr'><strong>nunc</strong></span> <span class='ocrx_word' id='word_1_21' title='bbox 492 681 532 739; x_wconf 84' lang='lat' dir='ltr'><strong>ita</strong></span> <span class='ocrx_word' id='word_1_22' title='bbox 545 682 702 751; x_wconf 78' lang='lat' dir='ltr'><strong>concessis,</strong></span> <span class='ocrx_word' id='word_1_23' title='bbox 723 679 875 760; x_wconf 84' lang='lat' dir='ltr'><strong>deinceps,</strong></span> <span class='ocrx_word' id='word_1_24' title='bbox 897 701 962 759; x_wconf 82' lang='lat' dir='ltr'><strong>quae</strong></span> <span class='ocrx_word' id='word_1_25' title='bbox 975 683 1012 741; x_wconf 92' lang='lat' dir='ltr'><strong>de</strong></span> <span class='ocrx_word' id='word_1_26' title='bbox 1028 686 1133 746; x_wconf 89' lang='lat' dir='ltr'><strong>eisdem</strong></span> 
     </span>
     <span class='ocr_line' id='line_1_5' title="bbox 65 771 1134 852; baseline 0.006 -20"><span class='ocrx_word' id='word_1_27' title='bbox 65 773 238 852; x_wconf 79' lang='lat' dir='ltr'><strong>probabilia</strong></span> <span class='ocrx_word' id='word_1_28' title='bbox 251 772 438 843; x_wconf 85' lang='lat' dir='ltr'><strong>videbuntur,</strong></span> <span class='ocrx_word' id='word_1_29' title='bbox 450 773 489 830; x_wconf 84' lang='lat' dir='ltr'><strong>ita</strong></span> <span class='ocrx_word' id='word_1_30' title='bbox 503 772 700 850; x_wconf 87' lang='lat' dir='ltr'><strong>percurrenda</strong></span> <span class='ocrx_word' id='word_1_31' title='bbox 714 771 857 832; x_wconf 86' lang='lat' dir='ltr'><strong>videntur.</strong></span> <span class='ocrx_word' id='word_1_32' title='bbox 869 775 932 851; x_wconf 86' lang='lat' dir='ltr'><strong>lgni</strong></span> <span class='ocrx_word' id='word_1_33' title='bbox 944 777 1134 852; x_wconf 77' lang='lat' dir='ltr'><strong>saepe-misce-</strong></span> 
     </span>
     <span class='ocr_line' id='line_1_6' title="bbox 67 863 1135 945; baseline 0.002 -21"><span class='ocrx_word' id='word_1_34' title='bbox 67 880 121 925; x_wconf 89' lang='lat' dir='ltr'><strong>tur</strong></span> <span class='ocrx_word' id='word_1_35' title='bbox 132 887 215 945; x_wconf 83' lang='lat' dir='ltr'><strong>aquae</strong></span> <span class='ocrx_word' id='word_1_36' title='bbox 229 885 295 944; x_wconf 84' lang='lat' dir='ltr'><strong>pars</strong></span> <span class='ocrx_word' id='word_1_37' title='bbox 310 866 403 924; x_wconf 88' lang='lat' dir='ltr'><strong>tenuis</strong></span> <span class='ocrx_word' id='word_1_38' title='bbox 417 878 505 942; x_wconf 87' lang='lat' dir='ltr'><strong>atque</strong></span> <span class='ocrx_word' id='word_1_39' title='bbox 521 865 641 924; x_wconf 86' lang='lat' dir='ltr'><strong>humida</strong></span> <span class='ocrx_word' id='word_1_40' title='bbox 655 863 820 942; x_wconf 86' lang='lat' dir='ltr'><strong>liuidaque,</strong></span> <span class='ocrx_word' id='word_1_41' title='bbox 839 865 880 924; x_wconf 86' lang='lat' dir='ltr'><strong>sic</strong></span> <span class='ocrx_word' id='word_1_42' title='bbox 895 864 960 923; x_wconf 88' lang='lat' dir='ltr'><strong>ideo</strong></span> <span class='ocrx_word' id='word_1_43' title='bbox 977 867 1135 942; x_wconf 88' lang='lat' dir='ltr'><strong>nominata,</strong></span> 
     </span>
     <span class='ocr_line' id='line_1_7' title="bbox 67 955 1136 1037; baseline -0.003 -19"><span class='ocrx_word' id='word_1_44' title='bbox 67 960 143 1037; x_wconf 86' lang='lat' dir='ltr'><strong>quia</strong></span> <span class='ocrx_word' id='word_1_45' title='bbox 167 958 277 1017; x_wconf 88' lang='lat' dir='ltr'><strong>lubrica</strong></span> <span class='ocrx_word' id='word_1_46' title='bbox 298 970 376 1016; x_wconf 86' lang='lat' dir='ltr'><strong>terra</strong></span> <span class='ocrx_word' id='word_1_47' title='bbox 399 956 594 1016; x_wconf 74' lang='lat' dir='ltr'><strong>circumfluit:</strong></span> <span class='ocrx_word' id='word_1_48' title='bbox 619 955 712 1014; x_wconf 89' lang='lat' dir='ltr'><strong>mollis</strong></span> <span class='ocrx_word' id='word_1_49' title='bbox 732 975 849 1034; x_wconf 91' lang='lat' dir='ltr'><strong>quoque</strong></span> <span class='ocrx_word' id='word_1_50' title='bbox 870 955 990 1014; x_wconf 89' lang='lat' dir='ltr'><strong>obeam</strong></span> <span class='ocrx_word' id='word_1_51' title='bbox 1008 976 1136 1031; x_wconf 83' lang='lat' dir='ltr'><strong>causam,</strong></span> 
     </span>
     <span class='ocr_line' id='line_1_8' title="bbox 66 1047 1136 1130; baseline -0.002 -20"><span class='ocrx_word' id='word_1_52' title='bbox 66 1053 142 1130; x_wconf 86' lang='lat' dir='ltr'><strong>quin</strong></span> <span class='ocrx_word' id='word_1_53' title='bbox 159 1052 220 1129; x_wconf 84' lang='lat' dir='ltr'><strong>ejus</strong></span> <span class='ocrx_word' id='word_1_54' title='bbox 233 1051 316 1109; x_wconf 82' lang='lat' dir='ltr'><strong>bases</strong></span> <span class='ocrx_word' id='word_1_55' title='bbox 332 1051 426 1108; x_wconf 90' lang='lat' dir='ltr'><strong>minus</strong></span> <span class='ocrx_word' id='word_1_56' title='bbox 438 1050 527 1106; x_wconf 85' lang='lat' dir='ltr'><strong>firmae</strong></span> <span class='ocrx_word' id='word_1_57' title='bbox 537 1047 710 1125; x_wconf 74' lang='lat' dir='ltr'><strong>stabilesque</strong></span> <span class='ocrx_word' id='word_1_58' title='bbox 724 1067 811 1124; x_wconf 87' lang='lat' dir='ltr'><strong>quam</strong></span> <span class='ocrx_word' id='word_1_59' title='bbox 825 1061 924 1120; x_wconf 77' lang='lat' dir='ltr'><strong>terre,</strong></span> <span class='ocrx_word' id='word_1_60' title='bbox 936 1049 1019 1106; x_wconf 82' lang='lat' dir='ltr'><strong>facile</strong></span> <span class='ocrx_word' id='word_1_61' title='bbox 1028 1048 1136 1108; x_wconf 87' lang='lat' dir='ltr'><strong>cedunt</strong></span> 
     </span>
     <span class='ocr_line' id='line_1_9' title="bbox 66 1140 1136 1221; baseline -0.001 -20"><span class='ocrx_word' id='word_1_62' title='bbox 66 1141 161 1221; x_wconf 81' lang='lat' dir='ltr'><strong>atque</strong></span> <span class='ocrx_word' id='word_1_63' title='bbox 178 1143 329 1202; x_wconf 87' lang='lat' dir='ltr'><strong>labuntur:</strong></span> <span class='ocrx_word' id='word_1_64' title='bbox 349 1143 412 1202; x_wconf 82' lang='lat' dir='ltr'><strong>baec</strong></span> <span class='ocrx_word' id='word_1_65' title='bbox 432 1141 549 1220; x_wconf 87' lang='lat' dir='ltr'><strong>quaudo</strong></span> <span class='ocrx_word' id='word_1_66' title='bbox 572 1140 608 1200; x_wconf 87' lang='lat' dir='ltr'><strong>ab</strong></span> <span class='ocrx_word' id='word_1_67' title='bbox 631 1141 689 1218; x_wconf 86' lang='lat' dir='ltr'><strong>igni</strong></span> <span class='ocrx_word' id='word_1_68' title='bbox 713 1141 863 1210; x_wconf 89' lang='lat' dir='ltr'><strong>destituta,</strong></span> <span class='ocrx_word' id='word_1_69' title='bbox 887 1141 924 1200; x_wconf 87' lang='lat' dir='ltr'><strong>ab</strong></span> <span class='ocrx_word' id='word_1_70' title='bbox 939 1161 1005 1200; x_wconf 89' lang='lat' dir='ltr'><strong>aere</strong></span> <span class='ocrx_word' id='word_1_71' title='bbox 1019 1162 1136 1220; x_wconf 91' lang='lat' dir='ltr'><strong>quoque</strong></span> 
     </span>
     <span class='ocr_line' id='line_1_10' title="bbox 68 1235 1134 1313; baseline -0.001 -19"><span class='ocrx_word' id='word_1_72' title='bbox 68 1236 226 1305; x_wconf 87' lang='lat' dir='ltr'><strong>deseritur,</strong></span> <span class='ocrx_word' id='word_1_73' title='bbox 240 1238 271 1295; x_wconf 89' lang='lat' dir='ltr'><strong>lit</strong></span> <span class='ocrx_word' id='word_1_74' title='bbox 285 1237 388 1308; x_wconf 91' lang='lat' dir='ltr'><strong>lenior,</strong></span> <span class='ocrx_word' id='word_1_75' title='bbox 404 1249 433 1294; x_wconf 93' lang='lat' dir='ltr'><strong>et</strong></span> <span class='ocrx_word' id='word_1_76' title='bbox 446 1235 546 1294; x_wconf 87' lang='lat' dir='ltr'><strong>alicnis</strong></span> <span class='ocrx_word' id='word_1_77' title='bbox 557 1235 699 1312; x_wconf 63' lang='lat' dir='ltr'><strong>expressis</strong></span> <span class='ocrx_word' id='word_1_78' title='bbox 714 1235 827 1312; x_wconf 91' lang='lat' dir='ltr'><strong>cogitur</strong></span> <span class='ocrx_word' id='word_1_79' title='bbox 840 1235 871 1292; x_wconf 90' lang='lat' dir='ltr'><strong>in</strong></span> <span class='ocrx_word' id='word_1_80' title='bbox 881 1255 912 1293; x_wconf 92' lang='lat' dir='ltr'><strong>se</strong></span> <span class='ocrx_word' id='word_1_81' title='bbox 921 1236 1029 1313; x_wconf 88' lang='lat' dir='ltr'><strong>ipsam:</strong></span> <span class='ocrx_word' id='word_1_82' title='bbox 1046 1247 1134 1312; x_wconf 84' lang='lat' dir='ltr'><strong>atque</strong></span> 
     </span>
     <span class='ocr_line' id='line_1_11' title="bbox 65 1325 1135 1406; baseline 0 -21"><span class='ocrx_word' id='word_1_83' title='bbox 65 1326 114 1386; x_wconf 82' lang='lat' dir='ltr'><strong>itu</strong></span> <span class='ocrx_word' id='word_1_84' title='bbox 128 1340 292 1406; x_wconf 88' lang='lat' dir='ltr'><strong>compacta,</strong></span> <span class='ocrx_word' id='word_1_85' title='bbox 303 1329 327 1386; x_wconf 86' lang='lat' dir='ltr'><strong>si</strong></span> <span class='ocrx_word' id='word_1_86' title='bbox 340 1347 429 1406; x_wconf 84' lang='lat' dir='ltr'><strong>supra</strong></span> <span class='ocrx_word' id='word_1_87' title='bbox 442 1341 547 1386; x_wconf 84' lang='lat' dir='ltr'><strong>terram</strong></span> <span class='ocrx_word' id='word_1_88' title='bbox 562 1325 593 1384; x_wconf 90' lang='lat' dir='ltr'><strong>id</strong></span> <span class='ocrx_word' id='word_1_89' title='bbox 608 1326 774 1403; x_wconf 87' lang='lat' dir='ltr'><strong>contigerit,</strong></span> <span class='ocrx_word' id='word_1_90' title='bbox 789 1326 899 1404; x_wconf 79' lang='lat' dir='ltr'><strong>grando</strong></span> <span class='ocrx_word' id='word_1_91' title='bbox 912 1328 958 1398; x_wconf 86' lang='lat' dir='ltr'><strong>fit;</strong></span> <span class='ocrx_word' id='word_1_92' title='bbox 974 1327 1036 1385; x_wconf 90' lang='lat' dir='ltr'><strong>siin</strong></span> <span class='ocrx_word' id='word_1_93' title='bbox 1048 1341 1135 1398; x_wconf 82' lang='lat' dir='ltr'><strong>terra,</strong></span> 
     </span>
     <span class='ocr_line' id='line_1_12' title="bbox 66 1415 1139 1497; baseline 0 -19"><span class='ocrx_word' id='word_1_94' title='bbox 66 1420 179 1496; x_wconf 80' lang='lat' dir='ltr'><strong>glacies</strong></span> <span class='ocrx_word' id='word_1_95' title='bbox 192 1441 199 1476; x_wconf 96' lang='lat'><strong>:</strong></span> <span class='ocrx_word' id='word_1_96' title='bbox 213 1439 278 1496; x_wconf 85' lang='lat' dir='ltr'><strong>quae</strong></span> <span class='ocrx_word' id='word_1_97' title='bbox 289 1419 405 1497; x_wconf 89' lang='lat' dir='ltr'><strong>quidem</strong></span> <span class='ocrx_word' id='word_1_98' title='bbox 421 1433 489 1478; x_wconf 91' lang='lat' dir='ltr'><strong>tuuc</strong></span> <span class='ocrx_word' id='word_1_99' title='bbox 502 1419 583 1490; x_wconf 88' lang='lat' dir='ltr'><strong>fiunt,</strong></span> <span class='ocrx_word' id='word_1_100' title='bbox 596 1437 685 1495; x_wconf 90' lang='lat' dir='ltr'><strong>quum</strong></span> <span class='ocrx_word' id='word_1_101' title='bbox 698 1415 772 1494; x_wconf 85' lang='lat' dir='ltr'><strong>riget</strong></span> <span class='ocrx_word' id='word_1_102' title='bbox 784 1417 1007 1495; x_wconf 74' lang='lat' dir='ltr'><strong>cobaerescitque</strong></span> <span class='ocrx_word' id='word_1_103' title='bbox 1015 1420 1139 1478; x_wconf 80' lang='lat' dir='ltr'><strong>maxime</strong></span> 
     </span>
     <span class='ocr_line' id='line_1_13' title="bbox 67 1510 1138 1590; baseline -0.002 -20"><span class='ocrx_word' id='word_1_104' title='bbox 67 1513 158 1590; x_wconf 88' lang='lat' dir='ltr'><strong>gelu:</strong></span> <span class='ocrx_word' id='word_1_105' title='bbox 174 1531 265 1589; x_wconf 91' lang='lat' dir='ltr'><strong>quum</strong></span> <span class='ocrx_word' id='word_1_106' title='bbox 279 1531 351 1570; x_wconf 80' lang='lat' dir='ltr'><strong>vcro</strong></span> <span class='ocrx_word' id='word_1_107' title='bbox 368 1513 462 1570; x_wconf 90' lang='lat' dir='ltr'><strong>minus</strong></span> <span class='ocrx_word' id='word_1_108' title='bbox 475 1511 652 1589; x_wconf 81' lang='lat' dir='ltr'><strong>congelatur,</strong></span> <span class='ocrx_word' id='word_1_109' title='bbox 672 1511 696 1568; x_wconf 90' lang='lat' dir='ltr'><strong>si</strong></span> <span class='ocrx_word' id='word_1_110' title='bbox 710 1528 797 1589; x_wconf 85' lang='lat' dir='ltr'><strong>supra</strong></span> <span class='ocrx_word' id='word_1_111' title='bbox 813 1521 919 1568; x_wconf 87' lang='lat' dir='ltr'><strong>terram</strong></span> <span class='ocrx_word' id='word_1_112' title='bbox 930 1510 1050 1583; x_wconf 86' lang='lat' dir='ltr'><strong>eccidit,</strong></span> <span class='ocrx_word' id='word_1_113' title='bbox 1068 1512 1138 1588; x_wconf 85' lang='lat' dir='ltr'><strong>nix,</strong></span> 
     </span>
     <span class='ocr_line' id='line_1_14' title="bbox 66 1601 1134 1680; baseline 0.002 -20"><span class='ocrx_word' id='word_1_114' title='bbox 66 1602 159 1660; x_wconf 87' lang='lat' dir='ltr'><strong>sinin</strong></span> <span class='ocrx_word' id='word_1_115' title='bbox 174 1615 250 1662; x_wconf 90' lang='lat' dir='ltr'><strong>terra</strong></span> <span class='ocrx_word' id='word_1_116' title='bbox 264 1625 299 1663; x_wconf 87' lang='lat' dir='ltr'><strong>ex</strong></span> <span class='ocrx_word' id='word_1_117' title='bbox 315 1624 382 1662; x_wconf 90' lang='lat' dir='ltr'><strong>rore</strong></span> <span class='ocrx_word' id='word_1_118' title='bbox 396 1604 519 1662; x_wconf 80' lang='lat' dir='ltr'><strong>crassior</strong></span> <span class='ocrx_word' id='word_1_119' title='bbox 530 1605 621 1675; x_wconf 85' lang='lat' dir='ltr'><strong>lucta,</strong></span> <span class='ocrx_word' id='word_1_120' title='bbox 634 1601 751 1679; x_wconf 84' lang='lat' dir='ltr'><strong>pruina:</strong></span> <span class='ocrx_word' id='word_1_121' title='bbox 760 1621 860 1660; x_wconf 87' lang='lat' dir='ltr'><strong>verum</strong></span> <span class='ocrx_word' id='word_1_122' title='bbox 873 1602 989 1678; x_wconf 87' lang='lat' dir='ltr'><strong>quando</strong></span> <span class='ocrx_word' id='word_1_123' title='bbox 1002 1603 1134 1680; x_wconf 84' lang='lat' dir='ltr'><strong>plurima:</strong></span> 
     </span>
     <span class='ocr_line' id='line_1_15' title="bbox 66 1694 1137 1774; baseline 0.003 -22"><span class='ocrx_word' id='word_1_124' title='bbox 66 1715 156 1772; x_wconf 79' lang='lat' dir='ltr'><strong>nquae</strong></span> <span class='ocrx_word' id='word_1_125' title='bbox 168 1698 278 1774; x_wconf 87' lang='lat' dir='ltr'><strong>species</strong></span> <span class='ocrx_word' id='word_1_126' title='bbox 288 1698 411 1756; x_wconf 87' lang='lat' dir='ltr'><strong>invicem</strong></span> <span class='ocrx_word' id='word_1_127' title='bbox 421 1697 650 1761; x_wconf 89' lang='lat' dir='ltr'><strong>commiscentur,</strong></span> <span class='ocrx_word' id='word_1_128' title='bbox 660 1694 824 1753; x_wconf 85' lang='lat' dir='ltr'><strong>universum</strong></span> <span class='ocrx_word' id='word_1_129' title='bbox 836 1694 908 1754; x_wconf 88' lang='lat' dir='ltr'><strong>illud</strong></span> <span class='ocrx_word' id='word_1_130' title='bbox 921 1715 1023 1772; x_wconf 89' lang='lat' dir='ltr'><strong>genus,</strong></span> <span class='ocrx_word' id='word_1_131' title='bbox 1034 1717 1049 1754; x_wconf 91' lang='lat' dir='ltr'><strong>a</strong></span> <span class='ocrx_word' id='word_1_132' title='bbox 1060 1709 1137 1755; x_wconf 84' lang='lat' dir='ltr'><strong>terre</strong></span> 
     </span>
     <span class='ocr_line' id='line_1_16' title="bbox 65 1786 1135 1865; baseline 0.002 -21"><span class='ocrx_word' id='word_1_133' title='bbox 65 1805 125 1862; x_wconf 89' lang='lat' dir='ltr'><strong>per</strong></span> <span class='ocrx_word' id='word_1_134' title='bbox 140 1786 260 1846; x_wconf 87' lang='lat' dir='ltr'><strong>arbores</strong></span> <span class='ocrx_word' id='word_1_135' title='bbox 274 1789 397 1858; x_wconf 86' lang='lat' dir='ltr'><strong>stillans,</strong></span> <span class='ocrx_word' id='word_1_136' title='bbox 412 1789 509 1865; x_wconf 88' lang='lat' dir='ltr'><strong>liquor</strong></span> <span class='ocrx_word' id='word_1_137' title='bbox 522 1787 685 1863; x_wconf 85' lang='lat' dir='ltr'><strong>humorque</strong></span> <span class='ocrx_word' id='word_1_138' title='bbox 697 1799 831 1844; x_wconf 84' lang='lat' dir='ltr'><strong>vocatur:</strong></span> <span class='ocrx_word' id='word_1_139' title='bbox 845 1787 974 1864; x_wconf 81' lang='lat' dir='ltr'><strong>liquores</strong></span> <span class='ocrx_word' id='word_1_140' title='bbox 989 1807 1060 1846; x_wconf 86' lang='lat' dir='ltr'><strong>vero</strong></span> <span class='ocrx_word' id='word_1_141' title='bbox 1074 1790 1135 1846; x_wconf 87' lang='lat' dir='ltr'><strong>sin-</strong></span> 
     </span>
     <span class='ocr_line' id='line_1_17' title="bbox 66 1877 1134 1958; baseline 0.004 -23"><span class='ocrx_word' id='word_1_142' title='bbox 66 1878 147 1955; x_wconf 81' lang='lat' dir='ltr'><strong>guli,</strong></span> <span class='ocrx_word' id='word_1_143' title='bbox 165 1893 286 1958; x_wconf 87' lang='lat' dir='ltr'><strong>propter</strong></span> <span class='ocrx_word' id='word_1_144' title='bbox 300 1881 452 1938; x_wconf 82' lang='lat' dir='ltr'><strong>mixtiones</strong></span> <span class='ocrx_word' id='word_1_145' title='bbox 463 1877 724 1937; x_wconf 84' lang='lat' dir='ltr'><strong>dissimilitudinem</strong></span> <span class='ocrx_word' id='word_1_146' title='bbox 738 1879 831 1947; x_wconf 86' lang='lat' dir='ltr'><strong>necti,</strong></span> <span class='ocrx_word' id='word_1_147' title='bbox 845 1879 934 1936; x_wconf 83' lang='lat' dir='ltr'><strong>multa</strong></span> <span class='ocrx_word' id='word_1_148' title='bbox 948 1878 1063 1954; x_wconf 89' lang='lat' dir='ltr'><strong>quidem</strong></span> <span class='ocrx_word' id='word_1_149' title='bbox 1079 1881 1134 1939; x_wconf 87' lang='lat' dir='ltr'><strong>alia</strong></span> 
     </span>
     <span class='ocr_line' id='line_1_18' title="bbox 65 1969 1134 2049; baseline 0.004 -23"><span class='ocrx_word' id='word_1_150' title='bbox 65 1969 136 2028; x_wconf 86' lang='lat' dir='ltr'><strong>sine</strong></span> <span class='ocrx_word' id='word_1_151' title='bbox 149 1973 388 2030; x_wconf 83' lang='lat' dir='ltr'><strong>nominelaciunt</strong></span> <span class='ocrx_word' id='word_1_152' title='bbox 400 1990 524 2049; x_wconf 89' lang='lat' dir='ltr'><strong>genera:</strong></span> <span class='ocrx_word' id='word_1_153' title='bbox 539 1969 590 2028; x_wconf 88' lang='lat' dir='ltr'><strong>sed</strong></span> <span class='ocrx_word' id='word_1_154' title='bbox 610 1982 738 2046; x_wconf 86' lang='lat' dir='ltr'><strong>quatuor</strong></span> <span class='ocrx_word' id='word_1_155' title='bbox 757 1970 848 2045; x_wconf 81' lang='lat' dir='ltr'><strong>igneae</strong></span> <span class='ocrx_word' id='word_1_156' title='bbox 865 1971 973 2047; x_wconf 88' lang='lat' dir='ltr'><strong>species</strong></span> <span class='ocrx_word' id='word_1_157' title='bbox 988 1971 1134 2030; x_wconf 86' lang='lat' dir='ltr'><strong>evidentes</strong></span> 
     </span>
     <span class='ocr_line' id='line_1_19' title="bbox 64 2061 1134 2139; baseline 0.005 -22"><span class='ocrx_word' id='word_1_158' title='bbox 64 2073 99 2118; x_wconf 91' lang='lat' dir='ltr'><strong>et</strong></span> <span class='ocrx_word' id='word_1_159' title='bbox 113 2062 276 2139; x_wconf 83' lang='lat' dir='ltr'><strong>perspicua:</strong></span> <span class='ocrx_word' id='word_1_160' title='bbox 298 2063 420 2121; x_wconf 84' lang='lat' dir='ltr'><strong>maxime</strong></span> <span class='ocrx_word' id='word_1_161' title='bbox 439 2063 548 2120; x_wconf 84' lang='lat' dir='ltr'><strong>sortitae</strong></span> <span class='ocrx_word' id='word_1_162' title='bbox 569 2073 635 2119; x_wconf 90' lang='lat' dir='ltr'><strong>suut</strong></span> <span class='ocrx_word' id='word_1_163' title='bbox 655 2061 792 2120; x_wconf 74' lang='lat' dir='ltr'><strong>nomine:</strong></span> <span class='ocrx_word' id='word_1_164' title='bbox 815 2061 894 2137; x_wconf 86' lang='lat' dir='ltr'><strong>quod</strong></span> <span class='ocrx_word' id='word_1_165' title='bbox 918 2063 994 2120; x_wconf 90' lang='lat' dir='ltr'><strong>enim</strong></span> <span class='ocrx_word' id='word_1_166' title='bbox 1010 2064 1134 2123; x_wconf 87' lang='lat' dir='ltr'><strong>animam</strong></span> 
     </span>
     <span class='ocr_line' id='line_1_20' title="bbox 64 2151 1135 2231; baseline 0.005 -22"><span class='ocrx_word' id='word_1_167' title='bbox 64 2152 158 2210; x_wconf 88' lang='lat' dir='ltr'><strong>simul</strong></span> <span class='ocrx_word' id='word_1_168' title='bbox 171 2172 236 2210; x_wconf 89' lang='lat' dir='ltr'><strong>cum</strong></span> <span class='ocrx_word' id='word_1_169' title='bbox 250 2173 374 2231; x_wconf 87' lang='lat' dir='ltr'><strong>corpore</strong></span> <span class='ocrx_word' id='word_1_170' title='bbox 391 2153 536 2223; x_wconf 80' lang='lat' dir='ltr'><strong>calefacit,</strong></span> <span class='ocrx_word' id='word_1_171' title='bbox 558 2153 658 2211; x_wconf 83' lang='lat' dir='ltr'><strong>vinum</strong></span> <span class='ocrx_word' id='word_1_172' title='bbox 679 2151 803 2212; x_wconf 88' lang='lat' dir='ltr'><strong>dicitur:</strong></span> <span class='ocrx_word' id='word_1_173' title='bbox 820 2153 899 2231; x_wconf 89' lang='lat' dir='ltr'><strong>quod</strong></span> <span class='ocrx_word' id='word_1_174' title='bbox 911 2174 983 2213; x_wconf 87' lang='lat' dir='ltr'><strong>vero</strong></span> <span class='ocrx_word' id='word_1_175' title='bbox 1000 2157 1064 2214; x_wconf 87' lang='lat' dir='ltr'><strong>leue</strong></span> <span class='ocrx_word' id='word_1_176' title='bbox 1076 2169 1135 2229; x_wconf 91' lang='lat' dir='ltr'><strong>est,</strong></span> 
     </span>
     <span class='ocr_line' id='line_1_21' title="bbox 64 2241 1134 2324; baseline 0.009 -26"><span class='ocrx_word' id='word_1_177' title='bbox 64 2241 268 2319; x_wconf 86' lang='lat' dir='ltr'><strong>discernitque</strong></span> <span class='ocrx_word' id='word_1_178' title='bbox 287 2244 393 2317; x_wconf 86' lang='lat' dir='ltr'><strong>visum,</strong></span> <span class='ocrx_word' id='word_1_179' title='bbox 414 2243 540 2323; x_wconf 90' lang='lat' dir='ltr'><strong>ideoque</strong></span> <span class='ocrx_word' id='word_1_180' title='bbox 557 2257 674 2324; x_wconf 88' lang='lat' dir='ltr'><strong>aspectu</strong></span> <span class='ocrx_word' id='word_1_181' title='bbox 694 2244 876 2322; x_wconf 87' lang='lat' dir='ltr'><strong>splendidum</strong></span> <span class='ocrx_word' id='word_1_182' title='bbox 894 2260 981 2324; x_wconf 89' lang='lat' dir='ltr'><strong>atque</strong></span> <span class='ocrx_word' id='word_1_183' title='bbox 995 2249 1089 2306; x_wconf 87' lang='lat' dir='ltr'><strong>nitens</strong></span> <span class='ocrx_word' id='word_1_184' title='bbox 1105 2261 1134 2308; x_wconf 89' lang='lat' dir='ltr'><strong>et</strong></span> 
     </span>
     <span class='ocr_line' id='line_1_22' title="bbox 64 2336 1134 2418; baseline 0.007 -27"><span class='ocrx_word' id='word_1_185' title='bbox 64 2336 184 2413; x_wconf 82' lang='lat' dir='ltr'><strong>pingue</strong></span> <span class='ocrx_word' id='word_1_186' title='bbox 201 2336 436 2418; x_wconf 67' lang='lat' dir='ltr'><strong>nobisiappuret,</strong></span> <span class='ocrx_word' id='word_1_187' title='bbox 447 2351 534 2396; x_wconf 88' lang='lat' dir='ltr'><strong>uncta</strong></span> <span class='ocrx_word' id='word_1_188' title='bbox 548 2351 578 2396; x_wconf 91' lang='lat' dir='ltr'><strong>et</strong></span> <span class='ocrx_word' id='word_1_189' title='bbox 590 2337 697 2396; x_wconf 85' lang='lat' dir='ltr'><strong>olearia</strong></span> <span class='ocrx_word' id='word_1_190' title='bbox 713 2338 824 2415; x_wconf 89' lang='lat' dir='ltr'><strong>species</strong></span> <span class='ocrx_word' id='word_1_191' title='bbox 836 2350 894 2409; x_wconf 90' lang='lat' dir='ltr'><strong>est,</strong></span> <span class='ocrx_word' id='word_1_192' title='bbox 905 2339 969 2417; x_wconf 84' lang='lat' dir='ltr'><strong>pix,</strong></span> <span class='ocrx_word' id='word_1_193' title='bbox 983 2341 1090 2418; x_wconf 89' lang='lat' dir='ltr'><strong>gummi</strong></span> <span class='ocrx_word' id='word_1_194' title='bbox 1104 2355 1134 2399; x_wconf 92' lang='lat' dir='ltr'><strong>et</strong></span> 
     </span>
     <span class='ocr_line' id='line_1_23' title="bbox 66 2428 1134 2510; baseline 0.007 -26"><span class='ocrx_word' id='word_1_195' title='bbox 66 2428 186 2497; x_wconf 89' lang='lat' dir='ltr'><strong>oleum,</strong></span> <span class='ocrx_word' id='word_1_196' title='bbox 201 2440 354 2506; x_wconf 88' lang='lat' dir='ltr'><strong>ceteraque</strong></span> <span class='ocrx_word' id='word_1_197' title='bbox 371 2429 401 2488; x_wconf 91' lang='lat' dir='ltr'><strong>id</strong></span> <span class='ocrx_word' id='word_1_198' title='bbox 422 2449 528 2508; x_wconf 86' lang='lat' dir='ltr'><strong>genus:</strong></span> <span class='ocrx_word' id='word_1_199' title='bbox 545 2443 575 2488; x_wconf 85' lang='lat' dir='ltr'><strong>at</strong></span> <span class='ocrx_word' id='word_1_200' title='bbox 591 2428 671 2507; x_wconf 90' lang='lat' dir='ltr'><strong>quod</strong></span> <span class='ocrx_word' id='word_1_201' title='bbox 688 2429 747 2487; x_wconf 85' lang='lat' dir='ltr'><strong>oris</strong></span> <span class='ocrx_word' id='word_1_202' title='bbox 761 2443 895 2508; x_wconf 84' lang='lat' dir='ltr'><strong>angustos</strong></span> <span class='ocrx_word' id='word_1_203' title='bbox 908 2445 1017 2490; x_wconf 87' lang='lat' dir='ltr'><strong>meatus</strong></span> <span class='ocrx_word' id='word_1_204' title='bbox 1033 2432 1069 2490; x_wconf 87' lang='lat' dir='ltr'><strong>nd</strong></span> <span class='ocrx_word' id='word_1_205' title='bbox 1084 2451 1134 2510; x_wconf 85' lang='lat' dir='ltr'><strong>pe·</strong></span> 
     </span>
     <span class='ocr_line' id='line_1_24' title="bbox 67 2517 1132 2601; baseline 0.006 -25"><span class='ocrx_word' id='word_1_206' title='bbox 67 2517 195 2576; x_wconf 88' lang='lat' dir='ltr'><strong>netralin</strong></span> <span class='ocrx_word' id='word_1_207' title='bbox 205 2539 296 2596; x_wconf 87' lang='lat' dir='ltr'><strong>usque</strong></span> <span class='ocrx_word' id='word_1_208' title='bbox 312 2535 421 2580; x_wconf 75' lang='lat' dir='ltr'><strong>naturae</strong></span> <span class='ocrx_word' id='word_1_209' title='bbox 435 2523 600 2601; x_wconf 79' lang='lat' dir='ltr'><strong>perfundit,</strong></span> <span class='ocrx_word' id='word_1_210' title='bbox 614 2523 669 2581; x_wconf 86' lang='lat' dir='ltr'><strong>hac</strong></span> <span class='ocrx_word' id='word_1_211' title='bbox 678 2522 708 2579; x_wconf 84' lang='lat' dir='ltr'><strong>ri</strong></span> <span class='ocrx_word' id='word_1_212' title='bbox 719 2521 900 2582; x_wconf 88' lang='lat' dir='ltr'><strong>dulcedinem</strong></span> <span class='ocrx_word' id='word_1_213' title='bbox 913 2523 1062 2596; x_wconf 88' lang='lat' dir='ltr'><strong>adhibens,</strong></span> <span class='ocrx_word' id='word_1_214' title='bbox 1077 2525 1132 2583; x_wconf 89' lang='lat' dir='ltr'><strong>mel</strong></span> 
     </span>
     <span class='ocr_line' id='line_1_25' title="bbox 68 2609 1134 2692; baseline 0.008 -28"><span class='ocrx_word' id='word_1_215' title='bbox 68 2609 266 2668; x_wconf 85' lang='lat' dir='ltr'><strong>communiter</strong></span> <span class='ocrx_word' id='word_1_216' title='bbox 279 2627 480 2691; x_wconf 85' lang='lat' dir='ltr'><strong>nuncupatur:</strong></span> <span class='ocrx_word' id='word_1_217' title='bbox 496 2613 620 2692; x_wconf 89' lang='lat' dir='ltr'><strong>denique</strong></span> <span class='ocrx_word' id='word_1_218' title='bbox 632 2613 712 2691; x_wconf 88' lang='lat' dir='ltr'><strong>quod</strong></span> <span class='ocrx_word' id='word_1_219' title='bbox 731 2633 846 2672; x_wconf 89' lang='lat' dir='ltr'><strong>carnem</strong></span> <span class='ocrx_word' id='word_1_220' title='bbox 858 2613 988 2674; x_wconf 84' lang='lat' dir='ltr'><strong>dissolvit</strong></span> <span class='ocrx_word' id='word_1_221' title='bbox 1002 2615 1134 2691; x_wconf 88' lang='lat' dir='ltr'><strong>uritque,</strong></span> 
     </span>
     <span class='ocr_line' id='line_1_26' title="bbox 70 2706 1131 2782; baseline 0.006 -24"><span class='ocrx_word' id='word_1_222' title='bbox 70 2713 102 2758; x_wconf 87' lang='lat' dir='ltr'><strong>et</strong></span> <span class='ocrx_word' id='word_1_223' title='bbox 111 2719 263 2777; x_wconf 86' lang='lat' dir='ltr'><strong>spumeum</strong></span> <span class='ocrx_word' id='word_1_224' title='bbox 277 2716 334 2773; x_wconf 90' lang='lat' dir='ltr'><strong>est,</strong></span> <span class='ocrx_word' id='word_1_225' title='bbox 348 2715 385 2764; x_wconf 84' lang='lat' dir='ltr'><strong>ex</strong></span> <span class='ocrx_word' id='word_1_226' title='bbox 398 2706 530 2764; x_wconf 89' lang='lat' dir='ltr'><strong>omnibus</strong></span> <span class='ocrx_word' id='word_1_227' title='bbox 544 2718 685 2764; x_wconf 90' lang='lat' dir='ltr'><strong>secretum</strong></span> <span class='ocrx_word' id='word_1_228' title='bbox 697 2706 873 2782; x_wconf 89' lang='lat' dir='ltr'><strong>liquoribus,</strong></span> <span class='ocrx_word' id='word_1_229' title='bbox 888 2725 989 2764; x_wconf 89' lang='lat' dir='ltr'><strong>succus</strong></span> <span class='ocrx_word' id='word_1_230' title='bbox 1002 2719 1131 2764; x_wconf 81' lang='lat' dir='ltr'><strong>vocatur.</strong></span> 
     </span>
    </p>

    <p class='ocr_par' dir='ltr' id='par_1_2' title="bbox 71 2795 1134 4165">
     <span class='ocr_line' id='line_1_27' title="bbox 112 2795 1133 2874; baseline 0.008 -26"><span class='ocrx_word' id='word_1_231' title='bbox 112 2795 211 2852; x_wconf 84' lang='lat' dir='ltr'><strong>Terrae</strong></span> <span class='ocrx_word' id='word_1_232' title='bbox 224 2814 291 2853; x_wconf 84' lang='lat' dir='ltr'><strong>vero</strong></span> <span class='ocrx_word' id='word_1_233' title='bbox 300 2798 409 2870; x_wconf 87' lang='lat' dir='ltr'><strong>species</strong></span> <span class='ocrx_word' id='word_1_234' title='bbox 421 2814 473 2874; x_wconf 88' lang='lat' dir='ltr'><strong>per</strong></span> <span class='ocrx_word' id='word_1_235' title='bbox 483 2815 586 2874; x_wconf 86' lang='lat' dir='ltr'><strong>aquam</strong></span> <span class='ocrx_word' id='word_1_236' title='bbox 600 2813 746 2873; x_wconf 87' lang='lat' dir='ltr'><strong>emergens</strong></span> <span class='ocrx_word' id='word_1_237' title='bbox 758 2796 814 2854; x_wconf 91' lang='lat' dir='ltr'><strong>hoc</strong></span> <span class='ocrx_word' id='word_1_238' title='bbox 826 2797 912 2856; x_wconf 86' lang='lat' dir='ltr'><strong>modo</strong></span> <span class='ocrx_word' id='word_1_239' title='bbox 921 2797 953 2853; x_wconf 87' lang='lat' dir='ltr'><strong>fit</strong></span> <span class='ocrx_word' id='word_1_240' title='bbox 966 2796 1054 2874; x_wconf 88' lang='lat' dir='ltr'><strong>lapis:</strong></span> <span class='ocrx_word' id='word_1_241' title='bbox 1065 2817 1133 2856; x_wconf 90' lang='lat' dir='ltr'><strong>con-</strong></span> 
     </span>
     <span class='ocr_line' id='line_1_28' title="bbox 71 2883 1134 2967; baseline 0.008 -27"><span class='ocrx_word' id='word_1_242' title='bbox 71 2883 166 2959; x_wconf 80' lang='lat' dir='ltr'><strong>gelata</strong></span> <span class='ocrx_word' id='word_1_243' title='bbox 185 2887 261 2944; x_wconf 92' lang='lat' dir='ltr'><strong>enim</strong></span> <span class='ocrx_word' id='word_1_244' title='bbox 277 2907 365 2964; x_wconf 84' lang='lat' dir='ltr'><strong>equa,</strong></span> <span class='ocrx_word' id='word_1_245' title='bbox 381 2887 497 2965; x_wconf 86' lang='lat' dir='ltr'><strong>quando</strong></span> <span class='ocrx_word' id='word_1_246' title='bbox 518 2889 547 2946; x_wconf 88' lang='lat' dir='ltr'><strong>in</strong></span> <span class='ocrx_word' id='word_1_247' title='bbox 568 2886 770 2946; x_wconf 83' lang='lat' dir='ltr'><strong>commixtione</strong></span> <span class='ocrx_word' id='word_1_248' title='bbox 794 2885 903 2958; x_wconf 88' lang='lat' dir='ltr'><strong>delicit,</strong></span> <span class='ocrx_word' id='word_1_249' title='bbox 924 2885 954 2944; x_wconf 90' lang='lat' dir='ltr'><strong>in</strong></span> <span class='ocrx_word' id='word_1_250' title='bbox 975 2888 1048 2945; x_wconf 88' lang='lat' dir='ltr'><strong>aeris</strong></span> <span class='ocrx_word' id='word_1_251' title='bbox 1070 2908 1134 2967; x_wconf 89' lang='lat' dir='ltr'><strong>spe·</strong></span> 
     </span>
     <span class='ocr_line' id='line_1_29' title="bbox 71 2969 1133 3058; baseline 0.005 -24"><span class='ocrx_word' id='word_1_252' title='bbox 71 2977 147 3036; x_wconf 89' lang='lat' dir='ltr'><strong>ciem</strong></span> <span class='ocrx_word' id='word_1_253' title='bbox 164 2969 283 3040; x_wconf 80' lang='lat' dir='ltr'><strong>transit:</strong></span> <span class='ocrx_word' id='word_1_254' title='bbox 299 2981 347 3040; x_wconf 88' lang='lat' dir='ltr'><strong>hic</strong></span> <span class='ocrx_word' id='word_1_255' title='bbox 360 2999 501 3040; x_wconf 81' lang='lat' dir='ltr'><strong>uersuum</strong></span> <span class='ocrx_word' id='word_1_256' title='bbox 515 2981 545 3038; x_wconf 92' lang='lat' dir='ltr'><strong>in</strong></span> <span class='ocrx_word' id='word_1_257' title='bbox 555 2981 649 3039; x_wconf 89' lang='lat' dir='ltr'><strong>locum</strong></span> <span class='ocrx_word' id='word_1_258' title='bbox 659 2979 800 3036; x_wconf 84' lang='lat' dir='ltr'><strong>recurrit:</strong></span> <span class='ocrx_word' id='word_1_259' title='bbox 815 2997 936 3036; x_wconf 86' lang='lat' dir='ltr'><strong>vacuum</strong></span> <span class='ocrx_word' id='word_1_260' title='bbox 949 2981 1043 3037; x_wconf 89' lang='lat' dir='ltr'><strong>aulem</strong></span> <span class='ocrx_word' id='word_1_261' title='bbox 1054 2980 1133 3058; x_wconf 87' lang='lat' dir='ltr'><strong>ipso-</strong></span> 
     </span>
     <span class='ocr_line' id='line_1_30' title="bbox 71 3070 1133 3151; baseline 0.006 -25"><span class='ocrx_word' id='word_1_262' title='bbox 71 3089 137 3127; x_wconf 87' lang='lat' dir='ltr'><strong>rum</strong></span> <span class='ocrx_word' id='word_1_263' title='bbox 153 3070 224 3130; x_wconf 90' lang='lat' dir='ltr'><strong>nibil</strong></span> <span class='ocrx_word' id='word_1_264' title='bbox 235 3095 241 3130; x_wconf 91' lang='lat'><strong>:</strong></span> <span class='ocrx_word' id='word_1_265' title='bbox 254 3074 418 3151; x_wconf 80' lang='lat' dir='ltr'><strong>proximum</strong></span> <span class='ocrx_word' id='word_1_266' title='bbox 432 3091 500 3150; x_wconf 86' lang='lat' dir='ltr'><strong>ergo</strong></span> <span class='ocrx_word' id='word_1_267' title='bbox 513 3091 608 3132; x_wconf 86' lang='lat' dir='ltr'><strong>aerem</strong></span> <span class='ocrx_word' id='word_1_268' title='bbox 624 3072 732 3151; x_wconf 89' lang='lat' dir='ltr'><strong>pulsat:</strong></span> <span class='ocrx_word' id='word_1_269' title='bbox 751 3071 804 3128; x_wconf 89' lang='lat' dir='ltr'><strong>iste</strong></span> <span class='ocrx_word' id='word_1_270' title='bbox 818 3070 842 3128; x_wconf 90' lang='lat' dir='ltr'><strong>si</strong></span> <span class='ocrx_word' id='word_1_271' title='bbox 855 3071 950 3148; x_wconf 85' lang='lat' dir='ltr'><strong>gravis</strong></span> <span class='ocrx_word' id='word_1_272' title='bbox 963 3072 1016 3139; x_wconf 86' lang='lat' dir='ltr'><strong>sit,</strong></span> <span class='ocrx_word' id='word_1_273' title='bbox 1033 3073 1133 3149; x_wconf 88' lang='lat' dir='ltr'><strong>pulsus</strong></span> 
     </span>
     <span class='ocr_line' id='line_1_31' title="bbox 72 3161 1132 3244; baseline 0.005 -25"><span class='ocrx_word' id='word_1_274' title='bbox 72 3163 321 3244; x_wconf 80' lang='lat' dir='ltr'><strong>circumfususque</strong></span> <span class='ocrx_word' id='word_1_275' title='bbox 340 3179 460 3225; x_wconf 73' lang='lat' dir='ltr'><strong>terrenae</strong></span> <span class='ocrx_word' id='word_1_276' title='bbox 476 3167 545 3224; x_wconf 91' lang='lat' dir='ltr'><strong>moli</strong></span> <span class='ocrx_word' id='word_1_277' title='bbox 559 3166 744 3224; x_wconf 86' lang='lat' dir='ltr'><strong>vehementer</strong></span> <span class='ocrx_word' id='word_1_278' title='bbox 761 3161 859 3231; x_wconf 87' lang='lat' dir='ltr'><strong>illidit,</strong></span> <span class='ocrx_word' id='word_1_279' title='bbox 883 3173 971 3240; x_wconf 85' lang='lat' dir='ltr'><strong>seque</strong></span> <span class='ocrx_word' id='word_1_280' title='bbox 991 3164 1086 3242; x_wconf 86' lang='lat' dir='ltr'><strong>ipsum</strong></span> <span class='ocrx_word' id='word_1_281' title='bbox 1102 3167 1132 3224; x_wconf 88' lang='lat' dir='ltr'><strong>in</strong></span> 
     </span>
     <span class='ocr_line' id='line_1_32' title="bbox 71 3253 1132 3335; baseline 0.002 -21"><span class='ocrx_word' id='word_1_282' title='bbox 71 3275 121 3314; x_wconf 82' lang='lat' dir='ltr'><strong>eas</strong></span> <span class='ocrx_word' id='word_1_283' title='bbox 135 3257 234 3328; x_wconf 86' lang='lat' dir='ltr'><strong>sedes,</strong></span> <span class='ocrx_word' id='word_1_284' title='bbox 250 3257 327 3318; x_wconf 88' lang='lat' dir='ltr'><strong>unde</strong></span> <span class='ocrx_word' id='word_1_285' title='bbox 346 3278 439 3317; x_wconf 91' lang='lat' dir='ltr'><strong>novus</strong></span> <span class='ocrx_word' id='word_1_286' title='bbox 453 3257 619 3318; x_wconf 87' lang='lat' dir='ltr'><strong>ascenderat</strong></span> <span class='ocrx_word' id='word_1_287' title='bbox 637 3277 702 3329; x_wconf 87' lang='lat' dir='ltr'><strong>aer,</strong></span> <span class='ocrx_word' id='word_1_288' title='bbox 727 3255 880 3314; x_wconf 87' lang='lat' dir='ltr'><strong>conducit:</strong></span> <span class='ocrx_word' id='word_1_289' title='bbox 899 3267 976 3314; x_wconf 88' lang='lat' dir='ltr'><strong>terra</strong></span> <span class='ocrx_word' id='word_1_290' title='bbox 990 3253 1132 3335; x_wconf 88' lang='lat' dir='ltr'><strong>denique,</strong></span> 
     </span>
     <span class='ocr_line' id='line_1_33' title="bbox 71 3347 1133 3430; baseline 0.003 -24"><span class='ocrx_word' id='word_1_291' title='bbox 71 3348 110 3407; x_wconf 88' lang='lat' dir='ltr'><strong>ab</strong></span> <span class='ocrx_word' id='word_1_292' title='bbox 125 3367 192 3408; x_wconf 88' lang='lat' dir='ltr'><strong>aere</strong></span> <span class='ocrx_word' id='word_1_293' title='bbox 207 3351 444 3411; x_wconf 87' lang='lat' dir='ltr'><strong>indissolubiliter</strong></span> <span class='ocrx_word' id='word_1_294' title='bbox 463 3371 528 3410; x_wconf 91' lang='lat' dir='ltr'><strong>cum</strong></span> <span class='ocrx_word' id='word_1_295' title='bbox 546 3371 619 3428; x_wconf 87' lang='lat' dir='ltr'><strong>aqua</strong></span> <span class='ocrx_word' id='word_1_296' title='bbox 637 3362 751 3422; x_wconf 86' lang='lat' dir='ltr'><strong>coacta,</strong></span> <span class='ocrx_word' id='word_1_297' title='bbox 767 3347 877 3425; x_wconf 77' lang='lat' dir='ltr'><strong>lapidee</strong></span> <span class='ocrx_word' id='word_1_298' title='bbox 892 3361 1045 3407; x_wconf 85' lang='lat' dir='ltr'><strong>concreat:</strong></span> <span class='ocrx_word' id='word_1_299' title='bbox 1064 3351 1133 3430; x_wconf 84' lang='lat' dir='ltr'><strong>pul-</strong></span> 
     </span>
     <span class='ocr_line' id='line_1_34' title="bbox 72 3437 1134 3521; baseline 0.005 -24"><span class='ocrx_word' id='word_1_300' title='bbox 72 3439 204 3498; x_wconf 88' lang='lat' dir='ltr'><strong>chriores</strong></span> <span class='ocrx_word' id='word_1_301' title='bbox 218 3442 335 3519; x_wconf 91' lang='lat' dir='ltr'><strong>quidem</strong></span> <span class='ocrx_word' id='word_1_302' title='bbox 351 3443 432 3513; x_wconf 90' lang='lat' dir='ltr'><strong>illos,</strong></span> <span class='ocrx_word' id='word_1_303' title='bbox 447 3443 497 3520; x_wconf 92' lang='lat' dir='ltr'><strong>qui</strong></span> <span class='ocrx_word' id='word_1_304' title='bbox 512 3443 663 3520; x_wconf 88' lang='lat' dir='ltr'><strong>perspicuo</strong></span> <span class='ocrx_word' id='word_1_305' title='bbox 676 3461 713 3500; x_wconf 85' lang='lat' dir='ltr'><strong>ex</strong></span> <span class='ocrx_word' id='word_1_306' title='bbox 731 3437 889 3518; x_wconf 73' lang='lat' dir='ltr'><strong>equalibus</strong></span> <span class='ocrx_word' id='word_1_307' title='bbox 907 3440 1056 3519; x_wconf 84' lang='lat' dir='ltr'><strong>planisque</strong></span> <span class='ocrx_word' id='word_1_308' title='bbox 1068 3462 1134 3521; x_wconf 88' lang='lat' dir='ltr'><strong>par·</strong></span> 
     </span>
     <span class='ocr_line' id='line_1_35' title="bbox 73 3531 1132 3613; baseline 0.006 -23"><span class='ocrx_word' id='word_1_309' title='bbox 73 3532 152 3591; x_wconf 91' lang='lat' dir='ltr'><strong>tibus</strong></span> <span class='ocrx_word' id='word_1_310' title='bbox 172 3535 310 3593; x_wconf 82' lang='lat' dir='ltr'><strong>emicent:</strong></span> <span class='ocrx_word' id='word_1_311' title='bbox 328 3534 515 3595; x_wconf 80' lang='lat' dir='ltr'><strong>delomuiores</strong></span> <span class='ocrx_word' id='word_1_312' title='bbox 525 3553 595 3594; x_wconf 85' lang='lat' dir='ltr'><strong>vero</strong></span> <span class='ocrx_word' id='word_1_313' title='bbox 605 3580 614 3607; x_wconf 96' lang='lat'><strong>,</strong></span> <span class='ocrx_word' id='word_1_314' title='bbox 625 3536 675 3612; x_wconf 89' lang='lat' dir='ltr'><strong>qui</strong></span> <span class='ocrx_word' id='word_1_315' title='bbox 693 3545 807 3592; x_wconf 83' lang='lat' dir='ltr'><strong>contra:</strong></span> <span class='ocrx_word' id='word_1_316' title='bbox 825 3531 877 3590; x_wconf 91' lang='lat' dir='ltr'><strong>ubi</strong></span> <span class='ocrx_word' id='word_1_317' title='bbox 892 3551 963 3592; x_wconf 86' lang='lat' dir='ltr'><strong>vero</strong></span> <span class='ocrx_word' id='word_1_318' title='bbox 978 3535 1052 3613; x_wconf 84' lang='lat' dir='ltr'><strong>ignis</strong></span> <span class='ocrx_word' id='word_1_319' title='bbox 1067 3555 1132 3596; x_wconf 90' lang='lat' dir='ltr'><strong>acu·</strong></span> 
     </span>
     <span class='ocr_line' id='line_1_36' title="bbox 73 3623 1132 3705; baseline 0.004 -24"><span class='ocrx_word' id='word_1_320' title='bbox 73 3623 151 3682; x_wconf 86' lang='lat' dir='ltr'><strong>mine</strong></span> <span class='ocrx_word' id='word_1_321' title='bbox 161 3623 268 3684; x_wconf 87' lang='lat' dir='ltr'><strong>humor</strong></span> <span class='ocrx_word' id='word_1_322' title='bbox 281 3626 373 3685; x_wconf 89' lang='lat' dir='ltr'><strong>omnis</strong></span> <span class='ocrx_word' id='word_1_323' title='bbox 387 3627 554 3697; x_wconf 88' lang='lat' dir='ltr'><strong>resolvitur,</strong></span> <span class='ocrx_word' id='word_1_324' title='bbox 568 3645 731 3705; x_wconf 87' lang='lat' dir='ltr'><strong>corpusque</strong></span> <span class='ocrx_word' id='word_1_325' title='bbox 748 3625 799 3682; x_wconf 89' lang='lat' dir='ltr'><strong>illu</strong></span> <span class='ocrx_word' id='word_1_326' title='bbox 815 3623 922 3682; x_wconf 84' lang='lat' dir='ltr'><strong>aridius</strong></span> <span class='ocrx_word' id='word_1_327' title='bbox 936 3623 1078 3699; x_wconf 86' lang='lat' dir='ltr'><strong>redditur,</strong></span> <span class='ocrx_word' id='word_1_328' title='bbox 1099 3646 1132 3685; x_wconf 90' lang='lat' dir='ltr'><strong>ea</strong></span> 
     </span>
     <span class='ocr_line' id='line_1_37' title="bbox 74 3716 1132 3806; baseline 0.002 -33"><span class='ocrx_word' id='word_1_329' title='bbox 74 3729 163 3806; x_wconf 68' lang='lat' dir='ltr'><strong>:estut</strong></span> <span class='ocrx_word' id='word_1_330' title='bbox 176 3719 301 3794; x_wconf 89' lang='lat' dir='ltr'><strong>species,</strong></span> <span class='ocrx_word' id='word_1_331' title='bbox 320 3737 383 3796; x_wconf 86' lang='lat' dir='ltr'><strong>quae</strong></span> <span class='ocrx_word' id='word_1_332' title='bbox 400 3717 490 3778; x_wconf 88' lang='lat' dir='ltr'><strong>solida</strong></span> <span class='ocrx_word' id='word_1_333' title='bbox 509 3731 631 3778; x_wconf 87' lang='lat' dir='ltr'><strong>vocatur</strong></span> <span class='ocrx_word' id='word_1_334' title='bbox 655 3717 804 3795; x_wconf 80' lang='lat' dir='ltr'><strong>lusilisque</strong></span> <span class='ocrx_word' id='word_1_335' title='bbox 827 3716 933 3776; x_wconf 88' lang='lat' dir='ltr'><strong>tellus:</strong></span> <span class='ocrx_word' id='word_1_336' title='bbox 958 3719 1132 3796; x_wconf 84' lang='lat' dir='ltr'><strong>quandoque</strong></span> 
     </span>
     <span class='ocr_line' id='line_1_38' title="bbox 74 3808 1131 3888; baseline 0.001 -23"><span class='ocrx_word' id='word_1_337' title='bbox 74 3809 160 3867; x_wconf 83' lang='lat' dir='ltr'><strong>etiam</strong></span> <span class='ocrx_word' id='word_1_338' title='bbox 178 3808 301 3868; x_wconf 83' lang='lat' dir='ltr'><strong>humore</strong></span> <span class='ocrx_word' id='word_1_339' title='bbox 317 3811 431 3882; x_wconf 85' lang='lat' dir='ltr'><strong>relicto,</strong></span> <span class='ocrx_word' id='word_1_340' title='bbox 449 3825 582 3888; x_wconf 85' lang='lat' dir='ltr'><strong>terraque</strong></span> <span class='ocrx_word' id='word_1_341' title='bbox 597 3810 674 3869; x_wconf 86' lang='lat' dir='ltr'><strong>fusili</strong></span> <span class='ocrx_word' id='word_1_342' title='bbox 693 3826 746 3887; x_wconf 89' lang='lat' dir='ltr'><strong>per</strong></span> <span class='ocrx_word' id='word_1_343' title='bbox 761 3810 857 3887; x_wconf 77' lang='lat' dir='ltr'><strong>iguem</strong></span> <span class='ocrx_word' id='word_1_344' title='bbox 872 3811 964 3879; x_wconf 88' lang='lat' dir='ltr'><strong>sacta,</strong></span> <span class='ocrx_word' id='word_1_345' title='bbox 980 3831 1014 3868; x_wconf 87' lang='lat' dir='ltr'><strong>ac</strong></span> <span class='ocrx_word' id='word_1_346' title='bbox 1027 3809 1131 3868; x_wconf 90' lang='lat' dir='ltr'><strong>deinde</strong></span> 
     </span>
     <span class='ocr_line' id='line_1_39' title="bbox 74 3899 1131 3981; baseline 0.001 -24"><span class='ocrx_word' id='word_1_347' title='bbox 74 3899 229 3958; x_wconf 89' lang='lat' dir='ltr'><strong>accedente</strong></span> <span class='ocrx_word' id='word_1_348' title='bbox 245 3901 324 3978; x_wconf 88' lang='lat' dir='ltr'><strong>gelu,</strong></span> <span class='ocrx_word' id='word_1_349' title='bbox 342 3903 423 3980; x_wconf 85' lang='lat' dir='ltr'><strong>niger</strong></span> <span class='ocrx_word' id='word_1_350' title='bbox 434 3904 467 3961; x_wconf 87' lang='lat' dir='ltr'><strong>fit</strong></span> <span class='ocrx_word' id='word_1_351' title='bbox 478 3903 564 3980; x_wconf 86' lang='lat' dir='ltr'><strong>lapis:</strong></span> <span class='ocrx_word' id='word_1_352' title='bbox 579 3901 781 3981; x_wconf 83' lang='lat' dir='ltr'><strong>quandovero</strong></span> <span class='ocrx_word' id='word_1_353' title='bbox 796 3902 829 3960; x_wconf 89' lang='lat' dir='ltr'><strong>id</strong></span> <span class='ocrx_word' id='word_1_354' title='bbox 841 3902 935 3979; x_wconf 88' lang='lat' dir='ltr'><strong>ipsum</strong></span> <span class='ocrx_word' id='word_1_355' title='bbox 949 3902 1078 3960; x_wconf 89' lang='lat' dir='ltr'><strong>similiter</strong></span> <span class='ocrx_word' id='word_1_356' title='bbox 1096 3919 1131 3959; x_wconf 86' lang='lat' dir='ltr'><strong>ex</strong></span> 
     </span>
     <span class='ocr_line' id='line_1_40' title="bbox 75 3991 1132 4072; baseline 0.001 -24"><span class='ocrx_word' id='word_1_357' title='bbox 75 3991 278 4049; x_wconf 80' lang='lat' dir='ltr'><strong>commixtione</strong></span> <span class='ocrx_word' id='word_1_358' title='bbox 292 3994 383 4051; x_wconf 87' lang='lat' dir='ltr'><strong>multo</strong></span> <span class='ocrx_word' id='word_1_359' title='bbox 394 3996 525 4072; x_wconf 79' lang='lat' dir='ltr'><strong>privatur</strong></span> <span class='ocrx_word' id='word_1_360' title='bbox 535 3995 674 4066; x_wconf 87' lang='lat' dir='ltr'><strong>humore,</strong></span> <span class='ocrx_word' id='word_1_361' title='bbox 691 3993 742 4052; x_wconf 86' lang='lat' dir='ltr'><strong>sed</strong></span> <span class='ocrx_word' id='word_1_362' title='bbox 755 3993 936 4052; x_wconf 86' lang='lat' dir='ltr'><strong>tenuioribus</strong></span> <span class='ocrx_word' id='word_1_363' title='bbox 948 4006 1031 4052; x_wconf 84' lang='lat' dir='ltr'><strong>terrae</strong></span> <span class='ocrx_word' id='word_1_364' title='bbox 1044 3992 1132 4071; x_wconf 85' lang='lat' dir='ltr'><strong>parti-</strong></span> 
     </span>
     <span class='ocr_line' id='line_1_41' title="bbox 76 4080 1132 4165; baseline 0.002 -26"><span class='ocrx_word' id='word_1_365' title='bbox 76 4080 130 4141; x_wconf 86' lang='lat' dir='ltr'><strong>bus</strong></span> <span class='ocrx_word' id='word_1_366' title='bbox 150 4085 462 4165; x_wconf 57' lang='lat' dir='ltr'><strong>cunstat,·salsttmque</strong></span> <span class='ocrx_word' id='word_1_367' title='bbox 484 4100 542 4161; x_wconf 90' lang='lat' dir='ltr'><strong>est,</strong></span> <span class='ocrx_word' id='word_1_368' title='bbox 559 4098 594 4144; x_wconf 61' lang='lat' dir='ltr'><strong>ctv</strong></span> <span class='ocrx_word' id='word_1_369' title='bbox 608 4085 799 4164; x_wconf 82' lang='lat' dir='ltr'><strong>semiglaciale</strong></span> <span class='ocrx_word' id='word_1_370' title='bbox 819 4086 867 4158; x_wconf 87' lang='lat' dir='ltr'><strong>fit,</strong></span> <span class='ocrx_word' id='word_1_371' title='bbox 892 4103 1002 4164; x_wconf 89' lang='lat' dir='ltr'><strong>perque</strong></span> <span class='ocrx_word' id='word_1_372' title='bbox 1021 4101 1132 4160; x_wconf 81' lang='lat' dir='ltr'><strong>aquam</strong></span> 
     </span>
    </p>
   </div>
   <div class='ocr_carea' id='block_1_2' title="bbox 0 0 1404 4666">
    <p class='ocr_par' dir='ltr' id='par_1_3' title="bbox 0 0 1404 4666">
     <span class='ocr_line' id='line_1_42' title="bbox 0 0 1404 4666; baseline 0 0"><span class='ocrx_word' id='word_1_373' title='bbox 0 0 1404 4666; x_wconf 95' lang='lat' dir='ltr'><strong> </strong></span> 
     </span>
    </p>
   </div>
  </div>
 </body>
</html>
