2764 4688
415 397 682 466 EXCURSUS
714 396 762 464 11.
1063 422 1121 495 ¹9¹

66 521 159 603 libro,
179 535 284 609 partae
301 515 449 606 quedam
466 518 644 606 praeclarae,
671 515 809 581 maxime
832 517 867 580 in
886 518 1006 606 quibus
1025 519 1066 584 de
1081 527 1130 586 vi·
1190 571 1196 584 .

66 629 148 690 sione
174 625 350 714 quaeritur3
376 623 633 713 enmma'operia
657 625 792 688 fortasse
819 621 937 688 excidit
953 627 1129 716 proposito.

66 730 199 796 Videtur
213 732 259 795 illi
271 720 442 811 accidisse,
457 725 547 816 quod
563 729 745 818 Chrysippo
760 725 899 810 dicitur,
919 745 956 792 ut
975 748 1131 818 praestan·

66 837 124 900 tior
136 837 234 902 fuerit
246 837 280 900 in
294 835 552 900 adversariorum
567 835 766 925 argumentis
777 833 1019 922 conquirendis,
1031 859 1130 924 quam

65 941 253 1010 refellendis.
275 944 389 1030 ltaque
408 964 482 1030 pars
499 963 557 1023 ea,
584 963 649 1028 qua
664 940 765 1005 docet¹
782 963 851 1004 eeee
868 939 902 1003 in
923 941 1014 1005 omni
1034 964 1132 1006 senen
1175 927 1178 934 ¹

64 1051 161 1136 ipsam
177 1047 279 1112 animi
298 1045 548 1136 cogitationem,
565 1061 598 1110 et
620 1056 777 1125 φαντασίαν,
798 1041 954 1109 diversam
970 1069 989 1109 a
1005 1047 1054 1110 rei
1076 1068 1132 1112 ex·

65 1169 157 1218 terne
173 1152 387 1241 proprietate,
405 1149 499 1230 eujus
518 1149 571 1214 illa
589 1165 755 1238 tamquam
771 1149 962 1238 significatio
975 1151 1034 1230 ait,
1050 1175 1133 1241 pre·

65 1261 143 1323 clare
154 1261 314 1322 instructa
324 1273 387 1339 eat,
400 1257 579 1345 multisque
588 1257 787 1345 argumentis
800 1255 1006 1322 confirmatur
1021 1257 1054 1322 in
1067 1281 1131 1347 qua

65 1381 167 1429 antem
184 1361 445 1453 patefaciendum
462 1355 546 1446 erat,
568 1351 671 1450 qualia
693 1375 803 1450 posset
816 1361 912 1426 nobis
925 1385 995 1428 ease
1008 1380 1131 1430 naturae

65 1492 291 1558 corporearum
305 1489 414 1532 rerum
427 1467 583 1558 cognitio,
593 1468 620 1532 ai
634 1487 749 1532 sensus
761 1467 802 1532 ab
820 1468 859 1532 iia
875 1467 1072 1558 impressus,
1089 1472 1130 1536 ab

65 1575 119 1639 hac
135 1593 253 1640 natura
266 1575 388 1641 alienus
407 1589 512 1640 esset:
531 1596 568 1638 ea
588 1571 698 1638 nescio
715 1571 883 1662 quomodo
900 1573 945 1639 illi
965 1566 1096 1641 videlirr
1113 1601 1131 1642 e

65 1681 208 1747 manibus
229 1681 346 1771 elapsa.
366 1678 466 1765 Quod
487 1683 575 1745 enim
594 1703 663 1745 rem
683 1677 826 1769 expediri
849 1701 945 1770 posse
963 1699 1077 1772 putat,
1102 1685 1130 1748 si

65 1788 288 1876 philosophos,
306 1787 364 1876 qui
381 1789 504 1852 colores
520 1801 554 1851 et
566 1809 665 1852 tonos
682 1785 716 1849 in
731 1802 841 1851 mente
861 1809 930 1852 esse
943 1785 1074 1871 dicant,
1095 1790 1145 1853 int

64 1893 154 1959 rebus
167 1895 310 1960 externis
322 1915 391 1958 esee
406 1909 543 1982 negent,
557 1907 671 1982 arguat
682 1893 748 1956 vim
759 1891 954 1974 verborum,
967 1915 1130 1982 usumque

64 1998 214 2088 loquendi
234 2015 397 2082 evertere,
421 1984 512 2088 quasi
527 1999 596 2064 haec
611 1998 680 2087 ipsa
695 1998 850 2063 vocabula
867 2021 935 2064 non
952 1999 994 2064 ad
1012 2001 1129 2066 mentia

65 2113 93 2176 in
109 2137 208 2180 senen
224 2113 450 2196 affectionem,
468 2111 526 2178 aed
538 2111 580 2204 ad
594 2113 641 2176 tei
657 2110 814 2177 divertam
829 2109 871 2177 ab
885 2112 939 2178 illa
951 2113 1129 2203 proprieta-

65 2235 138 2303 tem,
155 2218 372 2309 eamdemque
396 2238 510 2284 nenena
536 2218 645 2283 affecti
668 2238 798 2284 caueam
820 2219 1062 2309 significandam
1082 2222 1129 2285 in·

63 2343 150 2391 venta
162 2327 248 2409 sint3
261 2326 296 2390 in
310 2348 350 2390 eo
365 2325 425 2390 viri
439 2343 577 2390 acumen
588 2323 748 2390 desidero.
764 2323 849 2390 Nam
861 2327 1003 2414 primum
1019 2327 1128 2411 verba,

64 2449 90 2496 et
107 2433 222 2498 forante
242 2431 401 2520 loquendi
428 2431 513 2496 fiunt
531 2431 573 2496 ad
590 2451 696 2496 semaa
713 2432 977 2521 popularitatem,
1000 2453 1067 2497 non
1086 2434 1129 2499 ad

63 2553 178 2603 namne
193 2536 373 2602 veritatem.
392 2536 517 2602 Deinde
533 2537 585 2601 fao
599 2535 797 2600 vocabulum
813 2537 949 2622 coloris,
969 2539 999 2602 vi
1014 2559 1073 2604 aua
1085 2541 1129 2604 ei·

62 2645 207 2734 gnificare
231 2645 283 2727 id,
306 2644 397 2734 qnod
419 2645 513 2712 sitin
531 2665 567 2708 re
583 2643 806 2733 adspectabili,
833 2645 923 2733 qnod
940 2648 1074 2712 oculum
1092 2649 1127 2712 in

62 2753 197 2818 videndo
214 2767 345 2817 moveat
360 2765 449 2816 certo
465 2749 583 2833 modo;
601 2773 669 2814 non
689 2749 869 2840 significare
888 2751 940 2834 id,
965 2752 1055 2840 qnod
1070 2775 1129 2842 per

62 2857 151 2940 hujus
168 2859 387 2948 montequaai
400 2857 604 2923 occasionem
618 2857 727 2922 animo
739 2857 914 2941 'offeratur3
932 2877 1013 2922 num
1032 2879 1072 2922 ex
1088 2881 1129 2924 eo

62 2965 187 3048 efficiet,
205 2987 267 3030 noa
285 2987 321 3030 re
334 2983 409 3030 vera
423 2964 594 3046 notitiam,
617 2980 651 3029 et
666 2963 991 3051 compreheneionem
1008 2963 1128 3029 habere

62 3070 146 3136 istius
158 3071 382 3160 proprietatis,
396 3093 494 3159 quam
511 3071 629 3135 coloris
649 3068 783 3134 nornine
801 3069 870 3133 vult
890 3067 1006 3134 innui?
1027 3068 1129 3135 Nimi-

62 3197 128 3240 nnn
141 3178 252 3242 omnia
263 3177 323 3241 iata
335 3176 507 3258 voeabula,
521 3175 547 3240 ai
560 3174 601 3239 ad
612 3194 722 3238 aerum
733 3173 898 3262 pertinent
905 3175 1127 3264 proprietates,

62 3283 136 3347 nihil
147 3281 238 3348 alind
255 3275 448 3372 perhibent,
466 3279 544 3363 niai,
569 3280 674 3344 inesse
692 3277 813 3368 aliquid
831 3266 950 3362 rebna,
975 3281 1127 3370 ignotum

34 3419 36 3422 ·
62 3389 149 3473 quale
167 3389 225 3470 sit,
244 3386 302 3452 sed
324 3386 416 3467 cujus
440 3407 501 3452 nos
525 3387 641 3452 effecta
659 3386 871 3476 experiamur.
892 3383 975 3469 Qum
993 3388 1126 3476 quidem
1158 3435 1160 3440 ,

62 3494 216 3558 sententia
235 3515 272 3558 ea
292 3494 362 3581 ipaa
377 3509 444 3576 est,
463 3511 562 3582 quam
579 3489 731 3557 studebat
745 3492 925 3557 refellere.»

100 3601 264 3664 Hactenus
292 3597 438 3664 Garviue.
466 3599 547 3680 Quae
569 3593 757 3688 nuperrime
781 3617 799 3662 a
821 3595 960 3681 Kantio,
979 3599 1124 3684 t'ichtio,

62 3704 210 3787 Bardilio,
225 3704 439 3796 schellingio,
457 3703 621 3795 disputata
634 3719 728 3786 aunt,
740 3721 818 3768 nota
834 3721 911 3770 eunt
927 3709 1125 3774 nostratibus

63 3833 95 3874 ex
115 3814 227 3876 conica
243 3817 338 3903 puroe
361 3815 511 3893 rationis,
536 3811 686 3877 doctrina
709 3811 850 3876 scientiae
875 3813 1124 3902 philosophice,

63 3915 171 4004 logica
185 3921 315 4006 prima,
334 3933 366 3984 et
376 3917 579 4009 philosophia
600 3931 737 3982 naturae.
758 3915 849 3981 Adde
861 3919 944 3982 Ven.
961 3919 1125 3984 Reinhard

62 4024 120 4088 clu.
136 4019 254 4090 Moral.
276 4023 336 4090 ΤΛ.
352 4021 399 4108 Π,
415 4047 447 4115 p.
465 4025 530 4090 206
544 4045 631 4113 aeqq.
652 4021 704 4088 ed.
721 4037 794 4088 tert.
813 4023 959 4088 lluasan.

473 4173 710 4200 ..ψ-ι-
