2764 4688
245 319 310 394 182
599 319 874 391 EXCURSUS
897 321 950 388 II.

237 467 254 510 a
269 468 305 508 re
312 442 461 534 pulsum,
473 442 541 523 ejus
555 457 673 506 motum
690 440 731 506 ad
752 463 811 507 nos
825 443 962 531 perferat
977 439 1041 528 (cf.
1055 441 1121 507 eie.
1136 443 1234 510 'lisso
1245 446 1269 510 l.
1282 446 1308 528 l,

237 575 265 616 c.
281 573 320 616 ro
330 551 354 638 ).
365 552 402 615 In
417 570 483 637 quo
493 570 611 638 genere
621 550 697 613 satis
708 565 777 614 erat
788 549 1016 638 perspicuum,
1031 546 1100 612 fieri
1113 571 1179 614 non
1194 573 1308 639 posse,

237 672 276 721 ut
290 657 323 720 in
341 677 439 720 sensu
454 652 488 718 id
505 654 613 742 ipsum
631 655 740 718 animo
762 654 1005 736 obversaretur,
1023 653 1114 741 quod
1131 655 1255 720 inesset
1273 657 1309 720 in

237 785 290 846 re;
311 762 403 852 quia,
420 761 447 824 si
463 761 509 825 rei
527 781 588 824 nos
603 759 752 849 pellentis
768 761 877 850 imago
895 759 1063 848 quaedam,
1079 783 1187 826 sensus
1206 776 1310 844 esset,

235 870 316 934 lucis
334 868 502 932 notionem
520 867 644 955 potius,
661 887 759 955 quam
777 867 823 931 rei
842 866 1048 948 illuminatae,
1069 889 1129 956 per
1150 869 1311 931 νιζςίοηιηι
1377 923 1378 932 ,

234 974 438 1040 haberemus.
460 971 598 1055 Deinde,
616 971 708 1060 quod
728 973 763 1035 in
790 971 881 1036 omni
909 973 1046 1036 oboram
1071 993 1110 1036 ex
1132 971 1248 1038 eadem
1274 997 1312 1038 re

232 1079 409 1146 variatione
427 1079 612 1168 insigniori,
629 1079 725 1144 etiam
744 1077 894 1172 quaedam
919 1077 1083 1166 eorporis,
1101 1094 1158 1142 aut
1179 1077 1312 1142 instru-

232 1203 421 1252 mentorum
440 1207 553 1250 sensus
572 1184 756 1274 depravatio
772 1199 841 1249 erat
857 1183 1042 1268 observata3
1058 1182 1148 1248 unde
1163 1197 1236 1249 orta
1250 1207 1312 1249 su·

231 1293 332 1382 spicio
344 1308 410 1374 est,
422 1291 489 1371 ejus
500 1290 685 1354 variationis
697 1311 825 1354 causam
837 1289 977 1376 aliquam
988 1310 1084 1378 posse
1094 1289 1128 1352 in
1140 1287 1312 1355 nobismet

232 1399 309 1488 ipsis
328 1419 407 1462 esse.
429 1395 590 1460 Postremo
607 1393 699 1484 quod
715 1411 857 1483 coaptum
874 1409 942 1458 erat
957 1394 1097 1482 perspici
1112 1393 1311 1478 discrimen,

232 1503 323 1592 quod
344 1504 431 1568 iuter
445 1525 588 1584 sensum,
605 1517 638 1567 et
655 1499 917 1588 intelligentiam,
930 1501 1016 1564 inter
1030 1511 1168 1580 ααναααὶαν
1195 1515 1231 1565 et
1245 1505 1312 1564 ltet-

230 1639 309 1682 ααιαν,
325 1607 410 1672 inter
421 1617 543 1682 αἵαοηαια,
555 1622 588 1670 et
599 1619 651 1668 ναῦν
664 1603 894 1669 intercederet:
907 1627 979 1692 quaa
992 1601 1124 1692 quidem
1137 1601 1311 1669 distinctio

229 1714 271 1778 ab
283 1711 522 1802 antiquioribus
536 1711 719 1802 proposita,
736 1709 793 1775 sed
805 1709 994 1792 obscurius,
1008 1725 1105 1798 atque
1120 1709 1313 1774 inconstan-

230 1817 310 1894 tius,
327 1817 496 1907 perspicue
509 1832 541 1881 et
553 1815 689 1880 firmiter
701 1813 742 1880 ab
757 1815 948 1904 Anaxagora
959 1815 1067 1904 primo
1084 1812 1215 1878 videtur
1231 1837 1307 1882 esse

230 1922 473 2013 comprehensa.

276 2031 407 2118 «Atque
420 2027 496 2092 inde
506 2028 572 2109 jam
587 2027 812 2116 totiusststurae
827 2026 868 2090 de
880 2047 971 2090 sensu
981 2025 1135 2090 doctrinae
1143 2025 1209 2090 hoc
1225 2027 1311 2091 fun-

230 2131 421 2198 damentum
442 2134 564 2214 jactum
590 2151 659 2199 est:
683 2155 816 2198 sensum
842 2155 910 2196 esse
937 2131 1060 2224 aliquid
1088 2131 1244 2196 ellectum
1270 2135 1308 2197 in

229 2256 356 2323 mente,
373 2264 392 2304 a
408 2241 453 2304 rei
479 2257 617 2305 externae
638 2239 782 2322 actione,
807 2253 986 2330 propagata
1010 2234 1052 2304 ad
1079 2237 1226 2303 animum
1245 2262 1310 2330 per

228 2363 357 2411 motum
373 2347 529 2436 corporis.
544 2331 625 2410 li'em
642 2368 711 2411 esse
723 2345 758 2412 id
772 2346 863 2436 quod
875 2343 1036 2428 efficerer3
1053 2367 1114 2410 nos
1130 2367 1199 2410 esse
1212 2345 1243 2410 ei
1256 2347 1309 2410 rei
1364 2365 1368 2372 ’

227 2453 318 2518 velut
330 2452 495 2518 materiem
512 2451 692 2533 subjectos3
709 2469 882 2540 utramque
899 2467 1049 2517 naturam
1062 2474 1100 2514 ae
1113 2453 1195 2535 vim,
1209 2467 1244 2516 et
1256 2455 1308 2516 rei

228 2575 261 2623 et
279 2573 440 2640 nostram,
457 2579 652 2623 concurrere
667 2555 708 2621 ad
722 2565 859 2638 φάντασμα
871 2553 1090 2648 gignendum,
1106 2555 1198 2644 quod
1215 2579 1307 2646 quo-

229 2687 293 2753 que
310 2680 457 2754 tempore
474 2664 579 2728 menti
597 2663 833 2728 obversaretur.

272 2771 342 2835 «Ex
354 2771 419 2834 hoc
435 2786 544 2834 autem
560 2769 722 2858 principio
738 2767 875 2856 profecti
891 2767 1180 2858 philosophi,duus
1191 2768 1307 2834 ierunt

228 2879 403 2959 vias'verr’,
420 2877 454 2940 in
472 2875 581 2939 animo
597 2891 711 2940 nostro
730 2873 918 2938 inveniendi.
936 2873 999 2938 Alii
1018 2873 1061 2937 ad
1077 2897 1225 2938 sensnum
1240 2899 1306 2938 rau-

227 2997 331 3047 tutum
352 2981 537 3073 diligentius
564 2978 795 3070 explorandam
824 3002 858 3044 se
887 2980 1114 3062 contulerunt,
1136 2979 1171 3043 in
1195 2979 1306 3068 iisque

146 3159 148 3165 .
227 3088 388 3154 subtiliter
402 3091 473 3152 veri
487 3101 613 3168 notam,
630 3101 664 3149 et
679 3085 827 3176 signum,
846 3085 1082 3172 quaesivemnt3
1100 3083 1173 3166 alii,
1190 3087 1305 3176 negle-

226 3194 285 3257 ctis
310 3209 342 3258 et
368 3193 521 3285 depositis
547 3192 713 3268 sensibus,
736 3189 778 3256 ad
806 3188 1008 3281 intelligendi
1035 3191 1239 3272 facultatem,
1267 3209 1303 3259 et

226 3301 343 3364 mentis
366 3301 400 3364 in
419 3323 453 3365 se
474 3301 614 3365 collectae
640 3299 852 3388 cogitationes
877 3295 1141 3386 contemplandas
1158 3313 1245 3363 totos
1265 3321 1302 3362 se

140 3477 143 3484 Ι
226 3419 465 3469 converterunt.
480 3407 594 3496 Itaque
608 3404 729 3468 factum
747 3419 812 3484 est,
830 3419 869 3467 ut
885 3403 942 3490 qni
958 3402 1107 3466 sensibus
1121 3403 1221 3492 magis
1236 3403 1301 3467 ob-

225 3527 453 3599 sequerentur,
469 3511 585 3602 hisque
602 3533 636 3574 se
654 3507 834 3591 traderent,
852 3509 875 3572 ii
898 3525 1072 3598 pergerent
1091 3509 1125 3573 in
1150 3507 1299 3599 disputa·

225 3615 368 3680 tionibus
383 3616 449 3678 suis
464 3613 605 3680 multum
619 3615 712 3704 loqui
728 3613 770 3680 de
785 3638 896 3679 rerum
913 3613 1126 3680 fluctuatione
1139 3632 1172 3680 et
1185 3631 1298 3700 motu3

224 3739 262 3786 ut
284 3720 482 3801 Heraclitus,
499 3739 531 3785 et
553 3723 764 3812 physicorum
783 3720 950 3811 plerique:
970 3722 1027 3808 qui
1047 3737 1157 3786 autem
1174 3722 1298 3788 intelli-

224 3827 332 3918 gibilia
346 3825 413 3890 sola
428 3841 663 3910 scrutarentur,
676 3827 776 3893 iidem
790 3826 830 3890 de
842 3849 950 3890 rerum
968 3827 1110 3910 unitate,
1127 3843 1161 3891 et
1175 3827 1297 3893 immo-

227 3933 349 4020 bilitate
381 3929 592 4016 dissererent,
621 3949 659 3998 ut
684 3932 914 4015 Parmenides,
931 3956 1029 4021 quem
1044 3931 1242 3998 Plutarchus
1255 3934 1300 3998 ait

224 4039 367 4128 primum
391 4052 483 4102 νοητῶν
510 4058 612 4124 genus
641 4037 674 4100 in
701 4037 939 4126 philosophiam
967 4036 1131 4104 induxisse
1156 4045 1297 4126 (cortun
