2744 4684
281 352 353 434 444
589 351 638 417 Μ.
665 352 703 419 Τ.
730 349 969 421 CICERONIS

280 473 393 562 catisq
407 469 537 544 deinde
553 469 597 541 ad
613 468 673 542 illa
690 473 851 559 veniam,
873 493 952 566 quae
966 469 1040 563 jam
1060 491 1135 538 non
1155 465 1200 538 ad
1217 469 1326 540 multi·

279 579 462 667 tudinem,
485 579 549 654 sed
568 579 613 652 ad
632 595 772 652 vosmet
791 585 906 678 ipsos,
929 580 994 674 qui
1019 575 1149 648 adestis
1161 585 1204 665 ¹²,
1224 582 1324 676 perti-

278 705 377 760 nent.
400 693 513 787 Negat
536 693 631 762 enim
657 715 720 762 vos
742 697 859 777 Zeno,
885 701 993 786 negat
1007 686 1224 775 AntiochuS,
1245 690 1324 758 scire

277 797 485 896 quidquam.
507 802 590 890 Quo
616 799 744 886 modo,
768 801 935 896 inquies?
960 822 1027 869 nos
1054 801 1153 868 enim
1177 796 1324 868 defendi·

213 921 262 987 ιιᾶ
278 932 378 995 mus,
402 911 509 980 etiam
545 910 775 1007 insipientem
804 909 917 979 multa
946 905 1263 1033 comprehendere.
1286 911 1323 976 At

112 1001 123 1018 ’
275 1020 365 1088 scire
378 1019 513 1115 negatis
526 1042 745 1115 quemquam
763 1043 840 1090 rem
856 1017 1033 1105 ullam,
999 1041 1067 1087 msi
1057 1015 1321 1115 sapientem¹³.

273 1131 317 1196 Et
330 1125 399 1199 hoc
413 1128 562 1224 quidem
575 1133 673 1200 Zeno
688 1143 810 1227 gestu
806 1125 1019 1200 conficiebat
1030 1131 1061 1179 ¹⁴
1065 1131 1186 1197 .Nam
1193 1151 1323 1224 ,quum

274 1238 429 1308 extensis
457 1237 577 1336 digitis
608 1237 790 1310 adversam
821 1261 967 1310 manum
996 1235 1227 1325 ostenderat,
1246 1241 1323 1307 «Vi-

273 1369 403 1434 usum,
432 1345 636 1444 inquiebat,
667 1346 876 1442 hujusmodi
906 1361 1000 1418 ests.
1028 1345 1193 1435 Deinde,
1221 1371 1321 1442 quum

272 1455 433 1552 paullum
469 1455 597 1554 digitos
630 1452 947 1542 constrinxerat-¹⁵,
977 1461 1183 1528 «Assensus
1210 1454 1321 1550 hujus-

273 1564 370 1636 modi
382 1595 408 1635 ιι.
429 1571 520 1636 Τιιιιι
538 1592 652 1664 quum
669 1568 774 1667 plane
793 1581 1072 1664 compresserat,
1094 1589 1321 1662 pugnumque

271 1675 423 1765 fecerat3
443 1678 803 1776 comprehensionem
819 1676 918 1748 illam
934 1700 1011 1748 esse
1026 1673 1180 1748 dicebat.
1197 1677 1274 1766 Qua
1287 1699 1322 1744 er

272 1787 507 1858 similitudine
537 1784 687 1859 etiam¹⁶
712 1811 847 1859 nomen
875 1789 909 1857 ei
935 1787 1008 1875 rei,
1035 1783 1135 1883 quod
1157 1801 1242 1856 ante
1259 1809 1321 1854 non

272 1889 409 1980 fuerat,
428 1893 599 1986 κατιῒιηψιν
622 1894 804 1991 imposuit.
826 1896 949 1984 Quum
971 1906 1090 1961 autem
1114 1890 1240 1961 laevam
1257 1913 1321 1959 ma-

272 2027 360 2072 num
382 2003 643 2092 admoverat¹⁷,
666 2019 703 2076 et
723 2002 825 2075 illum
846 2027 1009 2100 pugnum
1027 2015 1122 2073 arcte
1143 1999 1321 2072 vehemen-

270 2180 351 2218 eutem
363 2183 465 2238 propter
476 2175 556 2222 futura
569 2173 692 2238 prneedd.
706 2175 777 2222 unies
822 2171 879 2221 dum
892 2173 949 2222 fuit.
965 2170 1080 2221 Similiter
1086 2168 1200 2236 frontem
1216 2169 1320 2218 conanda
1357 2177 1358 2182 ’

271 2259 337 2297 recte
349 2252 456 2315 ponitur.
466 2253 547 2300 Verba
559 2252 664 2316 deniqne
673 2254 777 2313 exsules,
818 2269 878 2318 gere
891 2251 988 2302 dicitur.
1008 2250 1074 2300 Gud.
1087 2252 1164 2298 venat
1178 2250 1249 2298 etiem
1257 2249 1320 2315 poul-

270 2343 363 2385 seroos‚
378 2330 506 2390 consulto,
518 2341 543 2378 et
555 2341 611 2394 apte
620 2330 712 2380 delecta
721 2341 777 2378 sunt
821 2331 917 2380 lulum:
931 2333 1065 2380 mutatione
1078 2330 1165 2378 scribis
1178 2331 1258 2378 solita.
1274 2331 1301 2376 G.

271 2405 302 2456 ad
323 2406 383 2455 aives
403 2407 504 2466 liberos,
524 2407 677 2471 libertatique
696 2409 777 2456 omnia
859 2405 1319 2470 16.Qaaeesimilitadineetions.0nd.

269 2484 580 2543 tribuentes,cuneitandos.
589 2485 639 2534 ttrl.
647 2485 776 2550 plenevul·
821 2499 856 2536 est
872 2504 992 2552 quaeque,
1008 2505 1055 2554 pro
1072 2488 1162 2547 etiarn,
1177 2489 1241 2536 mim
1256 2487 1318 2536 vino!

270 2575 347 2629 getam
359 2565 444 2619 refert,
456 2563 530 2613 modo
539 2563 606 2627 quod
615 2563 777 2624 contentione,
820 2565 886 2615 Num
896 2567 1012 2626 forteest,
1023 2566 1108 2632 quod?
1115 2578 1145 2615 nt
1153 2567 1318 2616 adGraeconm

269 2654 298 2694 ut
307 2643 410 2709 ubique,
424 2659 471 2709 pro
479 2639 603 2702 wnoione',
617 2643 731 2693 variatur.
745 2645 776 2692 G.
821 2661 944 2704 normam,
958 2642 984 2693 la
999 2643 1081 2694 reiron
1096 2641 1149 2706 tet,
1164 2643 1216 2704 ὅτι,
1229 2645 1277 2692 hac
1289 2659 1318 2690 ae·

307 2741 347 2773 aa.
366 2723 414 2788 Qui
425 2723 523 2772 adestis.
543 2727 564 2772 1.
582 2739 605 2772 e.
623 2723 655 2772 sd
674 2739 715 2772 eos
733 2723 777 2787 qui
819 2724 971 2773 commodata
987 2724 1043 2772 sint.
1062 2727 1177 2773 Graecum
1195 2722 1318 2787 exemplum

269 2805 392 2852 literarum
415 2802 563 2851 humanitate
588 2801 678 2852 exenlti
702 2803 775 2860 estis,
818 2804 960 2854 Ciceronem
973 2804 999 2850 iu
1012 2803 1050 2851 laia
1063 2803 1192 2851 narrandis
1205 2813 1318 2866 sequuta·

269 2897 341 2946 qnam
354 2880 486 2930 multitudo
503 2880 708 2940 tabernariorum,
725 2890 774 2929 ete.
819 2881 973 2939 esse‚nnllus
986 2881 1232 2940 duhitonieverha,
1244 2877 1317 2944 «quod

268 2961 329 3010 nihil
342 2972 418 3009 curat.
433 2962 464 3010 G.
818 2972 874 3010 ante
887 2977 937 3008 non
952 2961 1030 3008 luerat
1039 2979 1071 3019 s,
1089 2958 1163 3022 plane
1175 2958 1266 3007 Geaeeia
1278 2975 1316 3006 ru·

307 3040 346 3089 rs.
357 3040 423 3088 Saite
432 3055 518 3106 neg...
527 3038 724 3105 nisisapientenr.
737 3039 774 3088 cf.
818 3039 943 3104 pendent,
957 3037 970 3087 ὅ
981 3055 1010 3107 γι
1020 3034 1134 3106 πρόαρον
1148 3036 1193 3086 odit
1206 3031 1242 3090 r'n.
1257 3039 1284 3086 G.

268 3120 398 3183 Angustia.
411 3136 434 3169 c.
448 3118 543 3168 Aeadd.
552 3117 595 3170 lib.
607 3120 632 3176 1,
648 3134 676 3178 73
688 3119 775 3166 Horat.
857 3134 896 3181 ¹⁷·
910 3117 1066 3166 Admonens.
1079 3117 1185 3166 Gorrena
1196 3115 1239 3165 dat
1249 3116 1317 3164 aaa·

266 3199 318 3247 Sat.
328 3199 345 3246 l.
356 3201 394 3258 11,
406 3199 431 3258 d,
447 3199 497 3258 433
510 3199 563 3248 Cic.
575 3196 606 3245 de
617 3197 687 3246 Orat.
697 3195 774 3254 ΗΠ,
817 3208 888 3247 terat.
907 3195 1041 3262 Vulgum,
1062 3197 1158 3260 inquit,
1181 3195 1317 3244 admoverat

270 3277 312 3326 ad.
325 3279 387 3324 Dav.
399 3281 434 3340 Η.
817 3275 858 3324 Ad
869 3275 937 3341 qnod
949 3274 1033 3341 paullo
1044 3275 1123 3324 luins
1133 3273 1238 3324 verbum
1248 3273 1317 3323 lauh

305 3363 345 3409 ιι.
357 3357 390 3402 Et
401 3354 446 3404 hoe
455 3355 552 3420 quidem
562 3359 631 3404 Zeno
639 3366 709 3420 gestu
718 3370 774 3402 aon-
817 3371 901 3403 vocem
906 3371 989 3420 pagato
996 3353 1190 3418 praemittendam
1195 3353 1272 3415 jubes
1280 3349 1316 3399 Sed

259 3429 369 3499 finiebat.
380 3433 443 3481 Vide
455 3435 588 3485 &cunum
598 3435 642 3482 IV.
817 3434 920 3483 debebat
930 3435 1012 3482 Daris.
1021 3433 1118 3482 alteram
1128 3429 1316 3490 lectionemod·

305 3509 345 3557 15.
362 3511 472 3558 Paullum
485 3511 571 3576 diffisos
583 3509 770 3561 constrinxerat.
817 3523 930 3570 verteret,
950 3512 1033 3577 sequi,
1050 3527 1123 3576 quan
1141 3511 1195 3576 ipse
1215 3509 1317 3575 quanin

267 3588 349 3637 Daris.
366 3605 395 3638 ex
411 3605 456 3638 eno
470 3591 582 3640 cantabr.
596 3601 620 3638 et
632 3590 773 3638 Victoriana
816 3592 894 3641 tribus
916 3592 967 3640 suis
980 3611 981 3614 ¹
992 3589 1190 3656 deprehendisset
1211 3587 1316 3655 (firmant

266 3677 436 3729 contraxerat,
463 3670 528 3720 Crat.
556 3685 613 3718 cum
631 3669 684 3717 aliis
704 3679 773 3716 vem
816 3687 868 3720 eam
881 3689 895 3720 e
908 3670 997 3720 nostris
1010 3670 1079 3719 Gnd.
1094 3679 1118 3717 et
1131 3671 1212 3718 Wrat.
1222 3668 1245 3734 )Ι
1258 3667 1317 3716 nint

265 3747 384 3811 expressis
396 3759 554 3811 extraxerat,
570 3749 635 3798 Gud.
649 3759 770 3797 eremat.
815 3750 939 3798 fastidiose
962 3747 1103 3798 contemnit.
1129 3747 1239 3796 Videtur
1264 3747 1316 3792 enin

264 3825 313 3877 Sed
329 3825 381 3873 lano
397 3828 477 3875 omnia
492 3828 530 3876 rel
543 3845 574 3876 ex
587 3828 677 3892 glossa,
690 3827 729 3875 vel
742 3841 771 3875 ea
815 3829 953 3893 proximum
964 3829 1050 3877 Cicero
1063 3828 1088 3874 in
1098 3826 1137 3874 his
1145 3860 1154 3883 ,
1168 3839 1199 3874 ut
1212 3825 1317 3876 diximus,

265 3903 354 3953 ruendo
374 3899 442 3952 verbi
461 3905 553 3970 vulgati
572 3917 651 3954 ortum
672 3909 771 3956 nexisse
815 3897 1317 3971 Gmcumexemplarssquumnintrpe'de:

265 3984 385 4034 videntur.
403 3985 501 4048 Reliqui
518 3985 566 4032 mei
581 3985 771 4044 consumme,
815 3987 965 4051 expressisse.
984 3985 1076 4034 Deinde
1089 3983 1145 4048 qnia
1160 3986 1263 4048 putarit,
1275 3982 1316 4028 lor-

265 4062 346 4127 qnod,
359 4073 386 4112 ut
400 4061 500 4111 verbum
514 4061 648 4128 difficilius,
665 4067 772 4113 munen-
816 4081 878 4112 mam
891 4065 962 4130 plane
975 4066 1001 4113 in
1015 4064 1101 4152 vulgus
1114 4071 1217 4122 notan,
1230 4073 1317 4110 nens·
