2784 4662
230 382 300 478 ³9²
392 421 394 425 ·
570 387 619 456 M.
642 386 681 454 Τ.
707 383 953 456 CICERONIS

227 529 312 578 uem
330 505 425 601 ejus,
451 507 517 604 qui
534 505 733 605 probabilia
751 507 935 613 sequitur,
967 503 1065 576 nulla
1099 529 1139 578 re
1174 508 1289 604 impe-

165 649 214 704 109
228 613 368 688 diente?
387 619 485 706 Hoc,
504 617 641 716 iuquit,
662 619 780 716 ipsum
801 614 997 715 impediet,
1017 614 1117 711 quod
1137 630 1290 698 statuet,

228 749 275 798 ne
288 723 326 798 id
343 723 511 825 quidem,
529 727 629 826 quod
647 726 798 826 probet,
817 750 922 824 posse
938 725 1085 824 percipi.
1106 729 1185 796 iam
1203 727 1290 796 istuc

226 851 263 908 te
293 859 440 934 quoque
469 835 641 936 impediet
665 851 702 908 et
726 837 764 906 in
794 832 1016 933 navigando,
1041 833 1139 905 etin
1163 858 1291 904 conse·

226 943 341 1018 rendo
356 941 382 1032 ⁵,
413 947 451 1016 in
479 971 593 1018 uxore
621 943 808 1032 ducenda,
838 947 874 1014 in
897 943 1019 1015 liberis
1038 943 1290 1042 procreandis,

226 1055 463 1153 plurimisque
481 1057 518 1128 in
533 1053 661 1145 rebus,
683 1059 722 1126 iu
739 1053 873 1154 quibus
889 1053 980 1125 nibil
1000 1077 1181 1152 sequere,
1206 1079 1292 1152 prce-

227 1181 283 1238 ter
298 1165 497 1265 probabile.

274 1279 321 1348 Et
346 1291 466 1348 tamen
486 1275 575 1348 illud
596 1279 790 1362 usitatum,
813 1289 849 1346 et
870 1299 962 1373 saepe
980 1273 1214 1372 repudiatum
1236 1296 1292 1343 re·

226 1383 316 1474 tere,
338 1411 413 1458 nou
437 1401 479 1458 ut
503 1391 710 1487 Antipater,
732 1383 813 1473 sed,
835 1399 878 1456 ut
898 1387 970 1473 ais,
991 1385 1146 1482 pressius
1156 1379 1186 1453 ⁶.
1206 1385 1293 1454 Nam

229 1497 458 1596 Antipatrum
484 1498 769 1596 reprehensum,
795 1493 895 1593 quod
927 1493 1080 1583 diceret,
1107 1507 1295 1567 consenta-
1373 1515 1374 1526 ¹

225 1631 336 1678 neurn
362 1631 439 1680 esse
462 1611 515 1696 ei,
537 1610 602 1706 qui
630 1578 843 1694 affirmaret,
872 1603 964 1677 nihil
991 1627 1096 1703 posse
1126 1627 1293 1701 compre·
1374 1613 1375 1616 ’

226 1713 358 1804 bendi,
378 1715 415 1786 id
440 1717 559 1816 ipsum
577 1718 725 1789 saltem⁷
748 1713 867 1786 dicere
884 1738 989 1812 posse
1009 1713 1291 1810 comprehendi:

227 1823 328 1922 quod
347 1827 416 1926 ipsi
433 1826 612 1898 Antiocho
630 1817 787 1928 pingue⁸
802 1821 1010 1910 videbatur,
1032 1837 1070 1892 ct
1087 1821 1156 1892 sibi
1176 1823 1292 1919 ipsum

227 1937 486 2020 contrarium.
519 1941 601 2016 Non
635 1937 734 2006 enim
765 1945 886 2032 potest
915 1933 1175 2004 convenienter
1192 1923 1293 2018 dici,

227 2043 320 2116 nibil
350 2045 611 2143 comprehendi
639 2068 768 2144 posse,
793 2043 823 2114 si
850 2045 1013 2140 ipsum¹⁰
1035 2039 1294 2139 comprehendi
1380 2122 1381 2126 Ἴ

227 2241 586 2305 Hoeueeeseqnidvideatur,
600 2240 736 2290 notandum
779 2255 864 2312 argute
884 2245 1054 2310 subtiliterque
1076 2244 1245 2308 cogitatum·
1264 2247 1294 2294 G.
1381 2229 1382 2232 Ἴ

227 2329 275 2379 est,
284 2319 345 2368 bene
353 2319 524 2367 sehsberefut.
534 2336 546 2367 a
556 2319 634 2368 scriba
641 2319 735 2383 eliquo,
816 2340 841 2388 9.
851 2324 939 2372 Etsili
946 2323 1022 2389 ipsum
1032 2323 1193 2372 munatium.
1204 2326 1293 2393 rpsu.

227 2397 261 2446 ob
276 2398 415 2462 proximum
428 2397 543 2462 sequimr,
557 2399 583 2446 in
595 2413 665 2462 pru.
683 2414 737 2446 run·
779 2403 925 2468 quodantea
934 2401 1124 2466 ignor-abutum
1135 2403 1239 2450 Darisio
1248 2404 1296 2467 pri·

228 2489 315 2528 semu.
335 2477 419 2541 Neque
436 2476 515 2544 insum
531 2476 736 2540 transponendum
779 2499 845 2532 mum
862 2483 887 2532 iu
905 2493 971 2531 texta
986 2492 1125 2546 receptum,
1140 2493 1233 2546 prater
1248 2481 1294 2530 Erl,

226 2567 277 2616 est,
301 2555 394 2622 quippe
409 2555 478 2620 quod
498 2555 546 2608 hot
570 2551 626 2603 loco
643 2555 735 2614 colum,
780 2577 864 2610 omues
872 2559 1035 2622 meiflrmsnt.
1048 2562 1080 2608 G.

226 2646 255 2684 ut
271 2627 376 2700 graecum
390 2633 474 2695 αὐτὸς,
491 2633 582 2684 audiat.
602 2633 641 2684 Ci.
659 2637 735 2684 Arcb.
818 2656 857 2690 ro.
876 2640 904 2688 Si
920 2639 995 2704 ipsum
1009 2655 1085 2704 comp.
1099 2655 1172 2704 posse
1189 2641 1294 2689 diutur-

228 2719 298 2765 roes.
316 2716 349 2775 8,
367 2715 414 2764 18³
437 2725 558 2780 «poclm
580 2725 663 2764 mlum
684 2716 736 2780 lpse
780 2719 884 2768 Goerens
897 2715 1163 2782 dett-Siquidquam
1176 2736 1261 2784 comp.
1270 2735 1295 2782 p.

227 2795 320 2855 valere,
330 2803 398 2843 esea·-
410 2795 442 2844 G.
781 2797 809 2845 d.
818 2819 831 2840 »
844 2801 941 2862 Quum,
950 2796 1045 2861 iuquit,
1058 2797 1084 2844 ln
1096 2799 1172 2846 ienis
1184 2799 1294 2846 Davisius

264 2879 289 2926 5.
300 2877 334 2924 Bt
342 2873 367 2923 in
378 2872 531 2940 πανίςιιιιᾰο,
543 2884 569 2920 et
580 2872 604 2920 ιἰι
613 2889 738 2922 comnen-
781 2876 928 2940 quidquam,
937 2891 983 2940 pro
993 2877 1085 2940 ipsum,
1095 2875 1164 2940 quod
1175 2878 1296 2941 vulgatur,

227 2957 269 3005 dn.
279 2957 387 3004 Priorem
396 2953 521 3019 copulam,
530 2968 585 3017 que
591 2955 663 3001 trium
672 2969 738 3002 meo-
781 2954 899 3020 seriptum
918 2950 1061 3020 reperisset,
1080 2959 1114 3004 ita
1133 2955 1224 3007 edidit.
1246 2956 1296 3004 Nec

227 3051 281 3084 rnm
289 3046 339 3096 est,
350 3045 374 3082 et
379 3021 439 3082 edd.
450 3041 509 3080 vett.
517 3031 632 3096 plnrlum,
640 3033 738 3096 vulgate
781 3033 850 3082 aliter
862 3035 926 3100 mei,
940 3035 988 3082 nisi
1005 3035 1073 3098 quod
1086 3035 1141 3084 Wr.
1159 3035 1296 3102 quidquid,

227 3118 330 3179 ignoret.
345 3114 393 3162 Sed
406 3123 448 3160 sut
460 3111 495 3160 sle
506 3121 557 3158 eret
568 3110 737 3172 scribendam,
781 3129 813 3161 ex
826 3111 913 3162 eodem
926 3113 1006 3175 sonte,
1020 3113 1100 3162 refert.
1121 3114 1180 3162 Peri
1199 3129 1297 3178 quoque

227 3205 271 3244 ιιιι
283 3203 367 3241 contra
382 3191 455 3240 codd.
469 3191 542 3238 etiem
557 3189 678 3253 posterior
693 3189 738 3237 de·
781 3191 856 3240 modo
869 3191 926 3241 edd.
935 3202 996 3240 vett.
1008 3190 1117 3256 plerique
1128 3208 1225 3240 omnes.
1240 3194 1295 3240 Bru.

228 3271 308 3321 lende.
317 3274 375 3320 Post
383 3269 531 3320 conserendo
540 3265 589 3334 (ed
597 3269 665 3332 quod
673 3277 738 3317 recte
781 3270 906 3334 vulgatum
918 3269 1032 3330 reduxit,
1045 3270 1119 3334 idque
1133 3291 1146 3313 ι
1159 3271 1257 3320 lucillus
1269 3287 1296 3318 ae

228 3351 287 3399 lit-n.
311 3365 371 3414 egro
392 3349 505 3413 intelligis
517 3345 544 3414 ),
567 3347 641 3396 eolou
658 3349 738 3395 minus
782 3348 889 3396 melius»
902 3347 1006 3408 judicat.
1025 3347 1102 3410 Quod
1117 3347 1235 3412 equidem
1247 3365 1296 3397 uon

228 3429 370 3496 ponendum
380 3439 438 3476 eret.
451 3431 481 3478 G.
493 3454 530 3465 -
540 3429 571 3474 In
581 3427 737 3476 conserendo.
781 3427 865 3476 video.
878 3427 954 3476 Notat
968 3436 1052 3476 auctor
1065 3441 1172 3492 pugnam
1186 3429 1214 3476 iu
1227 3429 1297 3477 Anti·

228 3509 262 3556 tt.
276 3521 298 3554 e.
318 3504 340 3554 is
353 3509 387 3572 τῷ
400 3505 536 3570 puritates
548 3503 589 3554 τὸν
605 3501 693 3574 ἀγρόν,
711 3513 738 3552 ιιι
782 3507 846 3572 patri
853 3506 929 3564 dieto,
936 3503 1211 3576 si,nibllcomprebendl
1218 3521 1297 3571 posse,

228 3583 347 3649 Xenoph.
359 3583 419 3632 dicit
428 3587 532 3634 Memor.
546 3586 617 3633 Scor.
629 3583 682 3634 alles
690 3579 738 3652 γὰρ
765 3596 770 3606 ·
783 3596 897 3633 ettamen
908 3583 1041 3654 quidquam
1050 3585 1232 3648 comprehendi
1242 3601 1297 3650 pos·

228 3669 263 3733 τῷ
286 3658 365 3719 καλῶς
386 3660 458 3731 ἀγρὸν
479 3663 627 3731 φυτιιιομίνῳ
651 3657 739 3724 δῆλον,
783 3679 821 3722 ee,
833 3675 958 3713 statuatur.
971 3666 997 3712 st
1010 3665 1086 3728 ipsum
1099 3665 1204 3728 legeris,
1216 3679 1298 3730 pugna

229 3739 277 3808 ᾂξις
288 3738 449 3810 superdoctus.
462 3744 550 3790 Fessa.
782 3745 864 3792 minus
874 3744 937 3805 clare
949 3743 1083 3809 apparebit.
1094 3745 1154 3792 Non
1165 3746 1243 3807 igitur
1251 3745 1297 3792 boe

264 3811 290 3872 ti.
300 3820 350 3870 Sed
356 3857 364 3884 ,
378 3832 405 3868 ut
414 3819 466 3882 eis,
477 3821 589 3884 pressius.
607 3823 667 3870 ileo
679 3822 740 3870 rele-
783 3822 925 3872 metueret
934 3823 1013 3870 debet.
1027 3821 1131 3870 Facilius
1143 3832 1228 3870 ente·
1242 3822 1263 3871 si
1273 3821 1296 3869 id

227 3897 523 3966 ruptursupresdpfld,
535 3915 588 3963 seq.
713 3947 716 3952 ,
784 3903 845 3964 erit,
862 3899 931 3967 qnod
948 3903 1022 3965 magis
1041 3915 1097 3948 cum
1117 3899 1180 3964 ipsis
1201 3900 1296 3956 verbis,

265 3999 287 4043 7.
302 3979 419 4046 Idipsum
433 3979 528 4026 saltem.
542 3978 581 4024 Sc.
595 3977 739 4044 nihilpom
783 3997 838 4046 que
855 3979 1010 4046 precedunt,
1039 3993 1110 4042 ᾳιιιιιι
1128 3994 1186 4028 eum
1213 3995 1296 4028 ιαιιιιι

227 4058 409 4127 eomprehendi.
783 4077 855 4109 sensu
866 4061 1087 4119 convenientum,
1097 4057 1166 4121 qnod
1176 4057 1295 4122 glossema

263 4145 289 4190 8.
301 4140 391 4206 Pingue
403 4138 542 4187 uidebatur.
561 4137 622 4184 Est:
637 4139 757 4185 eminus·
780 4137 938 4201 judicandum
958 4147 1021 4197 erat,
1041 4151 1089 4202 pro
1110 4152 1165 4184 vere
1188 4137 1296 4185 auctoris
