2776 4668
496 311 544 378 m
568 311 828 386 ranaooxs.
897 255 905 275 ¹
1125 308 1196 404 trio

128 429 248 506 suerit,
256 449 359 516 quum
367 429 452 518 leges
464 431 499 492 in
511 453 548 494 ea
557 431 637 498 nihil
649 433 803 500 valebant.
819 431 906 520 Ergo
915 453 948 494 se
958 453 1085 518 semper
1093 432 1195 494 civem

130 533 251 614 fuisse,
269 530 419 597 Clodium
435 556 477 601 ue
494 558 583 599 nunc
601 536 732 624 quidem
750 537 852 602 civem
871 557 957 613 esse,
974 532 1032 598 sed
1049 535 1194 617 hostem,

127 637 191 724 qui
205 637 326 703 caedem
340 639 373 702 in
389 639 462 706 foro
480 639 608 724 iecerit,
624 642 680 707 sed
696 642 857 722 exsulem,
870 657 907 704 ut
921 662 1035 704 omnes
1051 642 1194 714 scelerati

126 757 164 806 et
184 743 275 831 impii
291 743 415 808 exsules
432 745 510 828 sint,
530 747 654 811 etiarnsi
669 749 775 820 solum
795 769 861 812 non
880 747 1036 811 mutarint
1048 745 1105 833 (ι).
1133 749 1143 758 ”

174 849 214 911 In
238 852 346 936 quinto
371 851 560 933 Persidem,
585 869 623 916 ut
645 853 804 934 affirmet,
821 853 920 916 solum
944 857 1114 940 sapientem
1131 875 1195 916 esse

125 953 278 1036 liberunt,
293 969 327 1018 et
341 978 463 1021 omnem
480 957 610 1022 stultum
622 982 758 1040 servum,
772 961 922 1042 miratur,
940 955 1126 1047 quomodo,
1139 975 1196 1020 aut

124 1059 183 1124 cui
199 1061 303 1125 libero
319 1062 469 1150 imperet,
489 1065 626 1151 quinon
647 1067 749 1154 possit
765 1064 994 1154 cupiditatibus
1011 1064 1077 1128 suis
1094 1064 1194 1151 impe·

123 1187 217 1246 rare,
236 1165 449 1252 quibusdum
468 1167 614 1252 obediat,
635 1191 678 1232 ne
697 1169 779 1234 liber
796 1168 926 1257 quidem
944 1166 1114 1232 habendus
1132 1167 1190 1248 sit;

122 1291 205 1333 nam
222 1271 285 1334 nisi
301 1271 478 1360 sapientem
497 1273 634 1338 liberum
651 1297 721 1338 esse
737 1275 909 1338 neminem.
928 1275 998 1338 lam
1016 1279 1033 1354 §
1054 1273 1094 1351 34
1112 1272 1192 1338 deli·

121 1377 175 1439 nit
193 1376 375 1442 libertatem
389 1395 580 1466 potestatem
589 1379 719 1445 vivendi
732 1397 769 1445 ut
783 1380 860 1446 velis
870 1379 931 1468 (a);
945 1381 1051 1444 vivere
1062 1396 1189 1459 autem,

156 1569 198 1635 (1)
214 1567 308 1622 Cicero
320 1569 429 1624 Tuscul.
445 1571 507 1637 111,
525 1577 560 1635 4,
573 1589 606 1640 9:
618 1595 631 1618 ι
641 1572 740 1626 Omnes
760 1583 849 1624 autem
869 1561 1085 1641 perturbationes
1104 1568 1190 1626 animi

117 1651 232 1704 morbos
248 1651 401 1724 philosophi
414 1654 565 1725 appellant;
579 1667 728 1726 negantque
741 1654 849 1707 stultum
864 1672 1023 1725 quemquam
1038 1651 1078 1706 bis
1093 1653 1190 1705 morbis

116 1753 238 1788 vacare:
254 1736 300 1807 qui
318 1749 406 1789 antem
420 1735 447 1789 in
459 1739 553 1790 morbo
566 1751 642 1802 sunt,
654 1739 712 1792 sani
726 1757 780 1790 non
795 1749 857 1790 suut
872 1756 878 1790 :
894 1749 920 1790 et
930 1737 1048 1789 omnium
1063 1735 1188 1807 insipien·

114 1818 189 1871 tium
201 1819 319 1872 animiin
331 1821 424 1873 morbo
433 1833 508 1874 sonts
520 1841 612 1875 omnes
621 1823 769 1893 insipientes
781 1821 862 1893 igitur
876 1821 1035 1874 insaniunt».
1043 1819 1187 1874 Sanitatem

114 1902 194 1954 enim
212 1903 360 1956 animorum
375 1905 487 1977 positam
501 1906 529 1957 in
547 1905 734 1978 tranquillitate
747 1903 864 1977 quadam
879 1903 1079 1974 constantiaque
1097 1921 1186 1956 cense-

113 1986 204 2052 bsnt;
219 1986 261 2040 bis
273 1989 352 2042 rebus
363 2001 479 2042 mentem
492 2007 604 2042 vacuam
619 2001 773 2061 propterea,
788 1990 859 2060 quod
874 1987 901 2042 in
920 1987 1072 2058 perturbato
1084 1985 1184 2047 auimo,

113 2071 188 2124 sicut
203 2070 232 2123 in
249 2089 376 2144 corpore,
399 2072 496 2125 sanitas
510 2093 565 2127 esse
583 2091 641 2126 non
663 2083 765 2143 posset,
783 2069 948 2142 appellarunt
967 2069 1095 2122 insanam.
1108 2067 1183 2122 Sica

113 2154 205 2207 serbis
219 2155 374 2208 Latinorum
385 2155 622 2228 duxitargumeuta
634 2153 750 2207 stultitias
763 2173 817 2207 non
828 2149 1018 2224 distinguendas
1030 2151 1064 2203 ab
1074 2150 1182 2203 inssnis.
1255 2217 1257 2224 Ι

113 2263 129 2284 ι
139 2237 219 2292 Hanc
235 2239 322 2301 enim,
336 2239 426 2311 paullo
443 2251 503 2310 post
519 2238 625 2311 inquit,
645 2236 791 2302 insaniam,
809 2253 868 2308 quse
880 2239 971 2303 juncta
984 2232 1099 2288 stultitiis
1111 2243 1183 2305 patet

112 2321 215 2382 latius,
232 2339 247 2374 a
262 2322 352 2376 lurore
369 2321 583 2395 disjungimus...
597 2322 714 2374 furorem
727 2332 814 2373 autem
829 2337 885 2373 esse
897 2319 948 2371 rati
961 2331 1021 2370 sunt
1034 2321 1130 2371 mentis
1146 2315 1181 2370 sd

112 2404 207 2458 omnia
224 2405 375 2458 cecitatem.
386 2431 399 2451 ι
419 2405 568 2459 Stoicorum
585 2418 672 2458 autern
692 2422 779 2466 more,
800 2403 902 2456 ibide.
921 2421 949 2473 7,
964 2402 1015 2455 ait:
1028 2401 1179 2473 «Sapientis

113 2487 223 2542 animus
242 2487 280 2541 ita
299 2507 401 2560 semper
417 2489 528 2542 allectus
547 2500 600 2553 est,
618 2498 647 2540 ut
665 2487 767 2541 ratione
785 2488 885 2558 optime
901 2497 1014 2539 utatur:
1033 2501 1181 2555 numquam

110 2572 196 2644 igitur
208 2584 246 2625 est
259 2572 457 2644 perturbatusn.
476 2573 509 2626 Et
518 2573 565 2625 lib.
580 2573 630 2635 IV,
641 2575 671 2635 6,
684 2591 714 2625 ss
726 2591 733 2624 :
745 2598 757 2617 c«
767 2574 833 2638 Quas
845 2583 932 2624 autem
947 2569 1050 2622 ratione
1066 2565 1179 2619 adversa

110 2655 224 2709 incitata
238 2668 276 2709 est
290 2654 486 2718 vehementius,
503 2675 534 2709 ea
549 2654 632 2709 libido
648 2667 703 2719 est,
721 2656 761 2708 vel
774 2653 905 2726 cupiditas
916 2653 1042 2705 effrenata
1055 2667 1061 2702 :
1076 2668 1133 2721 qma
1148 2650 1176 2701 in

110 2737 239 2793 omnibus
246 2739 332 2792 stultis
343 2738 503 2792 invenitur..
514 2739 613 2791 Debeo
624 2737 705 2810 igitur
714 2757 743 2792 re
752 2755 834 2810 quum
845 2757 880 2793 ne
890 2733 1055 2806 Peripatetici
1067 2732 1176 2803 quidem

110 2841 276 2896 magnopere
285 2821 474 2888 dissentirent,
493 2823 590 2875 herere
603 2822 629 2875 in
644 2821 759 2874 stultitise
767 2833 793 2874 et
803 2821 909 2874 insanin
921 2818 1073 2873 delinitione
1084 2829 1176 2868 nostro

109 2908 173 2961 loco
186 2907 285 2973 noluit,
298 2906 343 2960 sed
357 2925 440 2981 quum
455 2907 483 2959 in
496 2905 582 2960 Clodii
596 2904 707 2958 libidine
721 2903 749 2957 id
762 2923 843 2976 quam
861 2921 952 2957 senam
965 2912 1032 2954 emet
1050 2898 1175 2954 facillime

108 3009 190 3064 posse
201 2989 337 3044 rideretur
349 2989 478 3063 intelligi,
491 2989 617 3060 exemplis
633 3001 659 3041 et
673 2990 751 3042 rebus
763 2988 855 3040 maluit
868 2983 1036 3057 persuadere.
1055 2987 1173 3056 Acceptis

109 3091 177 3127 vem
189 3089 204 3126 a
218 3071 312 3127 Clodio
325 3073 428 3145 injurias
442 3073 568 3125 memoris
583 3085 609 3125 et
622 3071 662 3124 irs
681 3071 788 3134 effecit,
807 3082 837 3122 ut
857 3067 1026 3122 tumultuaria
1044 3068 1130 3120 oratio
1146 3067 1173 3120 iu
1255 3086 1266 3113 r

106 3155 186 3211 aliud
199 3155 351 3228 paradoxon
364 3155 515 3210 deflecteret
526 3155 588 3209 buic
600 3155 792 3227 junctissimam
805 3171 813 3208 t
829 3179 839 3201 ι
850 3151 942 3206 stultos
959 3171 1051 3205 ornnes
1061 3170 1118 3205 esse
1131 3170 1173 3206 es·

106 3239 214 3307 sulca-3
227 3239 280 3294 uisi
291 3241 357 3294 selis
370 3259 418 3312 pro
430 3239 523 3294 eodem
544 3238 651 3299 baberi,
667 3237 741 3312 quod
753 3239 861 3310 plenum
881 3236 960 3288 affert
977 3253 1027 3306 pro
1047 3235 1171 3296 Murena.

105 3343 131 3377 c.
145 3339 178 3394 29
191 3339 198 3375 ε
211 3347 224 3368 ι
234 3341 283 3375 nos
291 3322 336 3394 qui
347 3322 477 3394 sapientes
489 3340 544 3373 uon
552 3340 657 3385 sumus,
672 3321 808 3392 fugitivos,
819 3318 936 3382 exsules,
952 3319 1038 3371 bostes
1047 3359 1054 3385 ,
1063 3319 1171 3373 insanos

103 3405 224 3478 denique
238 3425 293 3459 esse
303 3405 396 3458 dicunt
406 3431 427 3459 n.
439 3407 493 3458 Nec
507 3403 619 3471 mirum,
630 3405 783 3459 Ciceronem
797 3405 823 3457 in
835 3403 886 3457 hac
895 3403 982 3458 Clodii
996 3403 1172 3459 describenda

104 3489 286 3556 stultitia,seu
297 3489 397 3542 insania
405 3529 413 3552 ‚
422 3489 620 3561 opportunitate
632 3507 710 3542 usum
720 3507 775 3543 esse
788 3485 952 3560 opponenda
964 3507 1016 3544 aurs
1026 3489 1169 3561 sapientire,

103 3571 153 3644 qui
165 3571 229 3625 istas
244 3570 352 3643 injurias
366 3571 560 3644 contempserit.
575 3571 616 3624 lta
630 3571 709 3625 thesis
722 3572 780 3633 iils,
800 3591 894 3622 omnem
904 3575 1000 3624 stultum
1014 3577 1131 3636 insanire,
1142 3574 1170 3625 irs

101 3673 158 3727 qus
171 3656 327 3726 interpretes
335 3654 482 3718 haeserunt,
496 3654 558 3706 ferri
568 3665 669 3726 potest,
686 3654 707 3707 si
720 3655 830 3706 rerbum
838 3653 891 3708 hoc
904 3655 1031 3708 latissimo
1041 3673 1119 3710 sensu
1131 3657 1171 3707 in-

102 3737 236 3809 telligitur
249 3738 337 3790 omnia
351 3738 414 3791 sitin
428 3737 572 3790 continere.
592 3739 683 3810 Longe
696 3739 840 3810 quietiore,
853 3748 879 3791 et
892 3737 925 3792 sd
935 3737 1084 3796 docendum
1094 3755 1169 3792 com-

101 3823 236 3896 psratiore
248 3822 367 3876 oratioue
378 3823 432 3876 Cic.
443 3823 566 3895 quintum
580 3821 737 3874 Paradoxon
750 3821 879 3894 exposuit.

140 3907 178 3970 (a)
191 3903 364 3958 Voluntatem
379 3906 459 3960 Stoici
472 3915 566 3976 putant
578 3904 653 3975 (rid.
664 3905 743 3958 Tuae.
757 3905 808 3971 IV,
821 3910 853 3970 6,
876 3909 927 3975 rs)
942 3906 969 3959 in
983 3907 1039 3959 solo
1054 3921 1109 3957 esse
1123 3923 1166 3958 sn·

100 3990 194 4062 piente
204 4027 212 4054 ‚
224 4008 304 4064 quam
318 3989 357 4044 sic
372 3988 520 4046 definiunt:
534 4015 545 4038 ι
561 3991 682 4044 voluntas
693 4001 748 4057 est,
769 4009 828 4063 quas
842 3991 908 4066 quid
922 4008 981 4048 cmo
1000 3989 1102 4044 satione
1122 3987 1169 4044 ds·
