2716 4686
276 372 313 442 P.
336 373 579 446 VALENTIAE
604 379 883 447 ACADEMICA.
1026 461 1032 473 ἱ
1061 401 1107 474 97

59 494 108 584 qui
132 493 172 560 ab
197 493 314 560 iisdem
339 493 438 560 rebus
466 497 641 562 contrarias
659 498 846 564 affectiones
873 514 906 562 et
932 499 1113 588 phantasias

57 601 238 690 accipiunt».

95 709 141 794 78.
150 706 247 773 Vides
263 731 336 796 quar
351 707 472 774 horum
488 709 586 774 luerit
600 711 770 776 sententia.
788 711 870 794 Quae
885 705 964 774 mihi
979 711 1112 800 quidem

58 835 114 876 non
135 813 321 902 probanda,
348 837 408 880 nec
437 813 572 880 ridenda
606 831 714 880 tamen
741 816 807 880 ullo
834 817 933 884 modo
961 817 1112 902 ridetur,

56 941 147 1006 quum
163 936 196 984 et
221 920 262 983 D.
290 919 492 1009 Augustinus
511 919 557 1008 (1)
578 922 732 1009 probasse
756 921 857 1011 magis
882 922 985 1005 illam,
1014 945 1113 1012 quam

57 1025 189 1104 rejecisse
203 1022 361 1091 videatur.
374 1029 419 1092 At
427 1027 561 1090 aliarum
571 1027 737 1092 Sectarum
751 1028 950 1116 professores
962 1051 1002 1092 eo
1014 1028 1113 1094 modo

56 1131 145 1196 aliena
160 1129 333 1219 dogmata,
360 1131 480 1219 quibus
499 1131 729 1222 impugnandis
745 1153 814 1198 sese
827 1135 1020 1223 accingunt,
1037 1157 1114 1224 pro·

57 1237 131 1300 serre
144 1250 177 1300 et
194 1236 401 1324 interpretari
422 1259 547 1302 morem
565 1237 704 1320 habent,
719 1239 764 1302 ita
782 1239 932 1327 turpibus
950 1239 1115 1304 coloribus

56 1339 219 1430 depingere
232 1364 270 1406 ac
279 1357 509 1430 repraesentare
520 1343 643 1424 solent,
656 1359 695 1408 ut
705 1343 787 1408 nihil
800 1343 862 1408 hac
875 1344 942 1432 ipsa
960 1343 1116 1433 opinione

56 1445 218 1511 ridendum
236 1446 355 1536 magis,
373 1447 421 1510 uti
439 1447 479 1511 ab
496 1447 558 1512 illis
573 1448 696 1537 prolata
715 1465 783 1526 est,
806 1450 942 1514 inveniri
958 1473 1053 1539 posse
1069 1450 1116 1513 vi·
1204 1535 1206 1538 Ι

57 1549 166 1616 deutur.
182 1552 281 1635 Quali
296 1551 456 1616 cachinno
474 1576 492 1616 a
512 1553 627 1617 Colote
647 1555 777 1643 explosa
794 1555 852 1638 sit,
866 1554 1058 1620 Plutarchus
1068 1553 1115 1644 (a)

58 1659 177 1746 scripsit.
214 1658 393 1724 Aristocles
417 1656 464 1746 (3)
492 1657 723 1748 Peripateticus
750 1661 796 1724 sic
821 1659 916 1724 nobis
944 1659 1113 1725 ridendam

57 1764 193 1852 propinat
211 1787 219 1828 :
240 1765 519 1853 «Consequantur
535 1763 688 1854 (inquit)
708 1765 786 1846 hos,
804 1766 826 1830 ii
849 1765 906 1853 qui
922 1765 1114 1832 affectiones

56 1869 128 1934 solas
142 1868 376 1960 comprehendi
387 1893 483 1960 posse
496 1869 627 1952 dicunt3
644 1868 795 1935 dixerunt
809 1893 888 1934 vero
904 1869 968 1935 hoc
981 1870 1115 1960 quidem

58 1998 91 2038 ex
106 1978 236 2064 Cyrene.
254 1975 300 2040 Hi
317 1993 447 2059 autem,
468 1975 558 2040 velut
573 1977 596 2040 ii
613 1977 670 2064 qui
688 1977 834 2066 lethargo
851 1994 930 2041 sunt
947 1978 1113 2065 oppressi,

58 2081 127 2146 nihil
141 2084 277 2146 omnino
296 2081 422 2171 uspiam
437 2105 505 2146 esse
525 2081 761 2165 existimabant,
780 2083 842 2146 nisi
856 2081 929 2170 quis
946 2081 1046 2165 adsit,
1057 2086 1114 2173 qui

57 2186 131 2274 ipsos
138 2189 242 2272 feriat,
261 2203 319 2252 aut
333 2204 468 2278 pungat.
476 2189 627 2277 Namque
644 2189 671 2254 si
688 2205 745 2254 aut
759 2205 943 2268 urerentur,
956 2206 1014 2254 aut
1026 2211 1114 2255 seca·

57 2311 177 2376 rentur,
200 2316 398 2383 cognoscere
415 2317 449 2363 se
466 2293 632 2384 quidpiam
646 2296 713 2384 pati
729 2294 890 2360 dicebant.
904 2297 1023 2359 Utrum
1034 2318 1112 2360 vero

58 2421 114 2486 quo
130 2417 322 2482 urerentur,
335 2401 433 2490 ignis,
458 2417 516 2466 aut
541 2423 607 2488 quo
633 2416 835 2483 secarentur,
861 2401 985 2466 ferrum
1008 2418 1112 2484 esset,

57 2521 179 2571 statuere
206 2529 275 2570 non
307 2527 414 2595 posse.
450 2507 516 2570 Eos
548 2521 658 2570 autem
695 2507 751 2594 qui
771 2506 831 2569 ista
862 2505 993 2586 dicunt,
1011 2525 1112 2595 ¹roget

57 2613 190 2698 protinus
205 2611 347 2700 aliquis:
367 2614 419 2678 Au
439 2611 503 2676 hoc
518 2612 632 2677 saltem
648 2611 766 2694 sciant,
785 2613 850 2700 pati
874 2632 991 2698 nempe
1016 2633 1051 2676 se
1075 2635 1112 2678 ac

58 2721 334 2808 sentirelnamque
348 2719 375 2782 si
389 2719 551 2801 nesciant,
565 2741 626 2784 nec
640 2717 721 2784 illud
734 2721 860 2807 possint
876 2718 996 2799 dicere,
1010 2719 1111 2784 solam

56 2846 84 2888 se
96 2827 301 2892 affeemonem
317 2845 523 2914 cognoscere.
551 2823 584 2888 Si
609 2847 687 2889 vero
706 2825 832 2906 sciunt,
851 2846 918 2888 non
937 2824 1012 2888 solae
1029 2824 1111 2890 alfe·

57 2933 165 2998 ctiones
175 2928 487 3019 comprehensibiles
498 2927 621 2994 fuerint
636 2929 780 2995 dicende
795 2953 803 2995 :
821 2931 848 2993 si
858 2929 991 3018 quidem
1005 2929 1111 3013 istud,

58 3037 118 3125 Ego
129 3063 218 3121 uror,
237 3037 374 3103 effatum
390 3051 454 3117 est,
469 3059 537 3100 non
554 3037 692 3102 affectio.
710 3038 834 3101 Verum
850 3036 1034 3114 enimvero,
1051 3036 1112 3100 tria

59 3140 115 3208 tac
136 3144 234 3210 dmul
255 3142 431 3208 subsistere
452 3158 501 3206 est
524 3164 677 3224 necesse,
698 3143 800 3230 ipsam
833 3141 1060 3222 affectionem,
1080 3159 1113 3206 et

59 3249 135 3334 quod
152 3251 239 3315 illam
265 3249 379 3330 infert,
405 3264 502 3336 atque
524 3248 559 3312 id
586 3248 676 3336 quod
700 3247 906 3312 affectionem
934 3247 1051 3335 excipit
1075 3271 1113 3314 ac

59 3355 175 3440 patitur.
195 3359 227 3420 ls
251 3355 351 3445 igitur
369 3355 422 3418 cui
446 3354 575 3418 affectio
591 3352 725 3435 accidit,
740 3351 827 3418 illam
843 3352 961 3416 sentiet
976 3353 1114 3442 utique:

61 3480 116 3523 non
131 3463 248 3526 etenim
265 3482 300 3524 se
319 3458 476 3548 (exempli
496 3482 591 3524 causa
608 3457 771 3546 )calefieri
793 3474 986 3548 cognoscet3
1001 3475 1113 3524 utrum

60 3581 151 3632 autem
171 3568 258 3656 ipse,
279 3588 321 3630 au
340 3566 442 3654 ipsius
461 3564 587 3630 vicinus
613 3564 649 3628 id
673 3564 831 3652 patiatur,
856 3563 1045 3654 ignorabit?
1060 3587 1113 3643 ac,

61 3691 94 3734 an
107 3672 239 3738 nuncid
255 3672 438 3759 contingat,
451 3693 492 3735 an
508 3670 601 3736 heri?
618 3671 815 3752 Athenisne,
832 3693 875 3734 an
891 3671 925 3734 in
951 3669 1115 3761 AEgypto?

89 3837 121 3901 (r)
137 3841 224 3890 &ntra
237 3839 315 3890 reat.
328 3841 373 3888 lib.
382 3843 431 3899 111,
442 3807 496 3905 cap.
507 3855 547 3898 rr,
561 3837 576 3905 S
588 3841 634 3898 as,
648 3853 691 3900 27,
703 3849 763 3886 tom.
778 3841 795 3886 1.

91 3925 124 3992 (a)
138 3929 226 3978 Contra
240 3929 367 3988 Coloten,
382 3943 440 3994 pag.
456 3943 534 3988 rsao,
553 3943 628 3976 rrar.

92 4013 124 4080 (3)
140 4017 213 4080 Apud
223 4016 317 4066 Euseb.
330 4019 369 4065 Pr.
380 4017 472 4080 Ιίνιιις.
482 4017 526 4066 lib.
541 4018 615 4074 xtv,
630 4030 686 4078 cap.
703 4031 750 4078 ις,
762 4031 817 4080 pag.
833 4015 896 4076 764,
915 4033 929 4062 c
942 4027 966 4064 et
979 4015 994 4062 d
1000 4041 1007 4072 ‚
1026 4025 1049 4062 et
1062 4013 1124 4077 pag..

71 4103 112 4160 :st
120 4138 127 4160 ,
141 4120 169 4162 a,
181 4105 212 4162 b,
226 4121 248 4152 c.
842 4125 843 4132 ¹

152 4195 179 4261 I.
206 4210 253 4256 cic.
265 4222 325 4271 para
337 4205 409 4252 tertia.
1003 4207 1021 4278 7
