2776 4688
254 408 299 480 36
624 407 950 481 INTRODUCTIO.

253 534 406 598 columna
428 550 497 595 esse
514 526 584 616 (1):
609 551 709 593 anam
733 528 760 593 si
782 519 982 618 Chrysippus
1005 549 1073 592 nou
1095 527 1226 609 fuisset,
1253 551 1324 592 non

236 640 339 704 'foret
359 637 435 702 Stoa
446 665 471 702 s.
494 635 610 716 Hunc,
632 635 681 699 uti
705 634 897 699 Plutarchus
913 633 961 721 (a)
981 632 1114 715 scribit,
1137 657 1204 699 non
1226 657 1325 716 casu,

207 723 212 734 ¹
253 745 310 811 sed
341 743 479 809 deorum
507 740 710 831 providentia
725 740 904 828 quadam,
936 739 1033 806 Stoici
1063 739 1215 806 dicebant
1246 757 1326 829 post

252 849 426 916 Arcesilam
438 863 471 912 et
481 863 557 910 ante
567 845 766 911 Carneadem
775 844 932 933 prodiisse
944 869 952 909 :
964 867 1107 934 quorum
1118 845 1171 910 ille
1187 845 1324 935 quidem

251 955 375 1037 injuriae
405 975 442 1017 ac
469 953 674 1018 contumeliae
706 951 858 1016 adversus
875 950 1160 1017 *consuetudinem
1188 953 1324 1017 initium

250 1061 357 1143 dedit3
377 1060 431 1123 hie
446 1081 522 1123 vero
542 1056 811 1122 Academicorum
827 1058 977 1122 omnium
993 1058 1221 1122 celeberrimus
1244 1058 1322 1124 luit.

251 1166 452 1254 Chrysippus
465 1163 566 1252 igitur
576 1185 680 1249 quum
698 1161 783 1226 inter
798 1179 976 1251 utrumque
988 1161 1176 1246 exstitisset,
1193 1163 1232 1228 iis
1247 1188 1324 1252 quae

249 1271 401 1337 adversus
415 1267 589 1334 Arcesilam
603 1269 722 1357 scripta
734 1268 882 1357 reliquit,
894 1268 1066 1333 Carneadis
1077 1269 1209 1359 ingenio
1220 1285 1324 1359 atque

249 1375 392 1440 acumini
404 1373 496 1462 quasi
505 1372 622 1436 vallum
635 1372 804 1461 opposuit,
817 1371 1007 1460 aditumque
1016 1372 1194 1461 praelusit,
1207 1375 1324 1440 multis

249 1479 403 1572 praesidiis
430 1479 521 1567 quasi
551 1480 587 1542 in
613 1478 820 1544 obsidionem
850 1478 997 1543 sensibus
1026 1495 1059 1543 et
1088 1479 1322 1546 consuetudini

248 1586 707 1675 relictis,tumultuqueomni,
717 1585 774 1675 qui
784 1584 867 1649 circa
874 1585 1002 1650 notitias
1011 1585 1135 1650 oboriri
1143 1585 1323 1674 aliquando

247 1709 372 1784 posset,
393 1692 530 1757 omnino
552 1691 698 1774 sublato,
721 1691 855 1781 singulis
873 1691 911 1754 iis
930 1691 1099 1772 correctis,
1120 1708 1263 1782 optoque
1281 1716 1322 1759 ae

246 1801 379 1893 proprio
399 1801 472 1866 loco
489 1799 626 1888 positis:
648 1799 693 1863 ita
711 1815 749 1864 ut
767 1797 824 1887 qui
841 1798 959 1863 iterum
978 1798 1012 1862 in
1030 1813 1199 1887 posterum
1218 1800 1321 1866 rebus

246 1911 313 1974 vim
327 1910 462 1990 inferre,
475 1929 594 1994 easque
602 1905 675 1972 loco
685 1906 803 1994 pellere
812 1903 1077 1995 aggrederentur,
1088 1905 1170 1970 nihil
1178 1907 1321 1994 amplius

247 2029 394 2103 agerent,
414 2034 512 2100 quam
527 2027 565 2075 ut
580 2010 775 2100 deprehensi
792 2033 902 2099 poenas
918 2009 1043 2076 darent.
1064 2009 1141 2076 Haec
1160 2010 1260 2076 Stoici
1277 2011 1320 2076 de

247 2118 444 2206 Chrysippo,
461 2114 573 2198 idest,
590 2117 730 2180 Hectore
744 2137 815 2180 suo.

296 2246 344 2289 rr.
367 2224 412 2287 At
430 2219 615 2286 Academici
632 2222 728 2310 longe
749 2220 841 2285 aliter
859 2220 900 2287 de
921 2221 977 2286 illo
997 2221 1164 2288 sentiunt:
1188 2238 1318 2288 tantum

249 2331 337 2395 euim
355 2329 467 2392 abesse
484 2349 560 2391 eum
578 2313 684 2408 aiunt,
703 2343 742 2391 ut
759 2329 906 2393 sensibus
925 2327 1222 2419 consuetudinique
1237 2331 1320 2394 sub-

247 2433 367 2500 sidium
385 2433 545 2516 attulerit,
568 2449 607 2498 ut
627 2435 753 2522 potius,
771 2435 912 2524 imperiti
930 2433 1048 2500 medici
1069 2457 1177 2516 more,
1198 2437 1320 2502 morbo

244 2541 329 2606 vires
345 2536 524 2620 addiderit,
545 2552 579 2601 et
597 2539 750 2618 majorem
769 2538 890 2605 feeerit.
914 2540 999 2606 Nam
1016 2563 1119 2628 quum
1136 2540 1171 2604 in
1187 2541 1226 2605 iis
1243 2564 1318 2630 quae

244 2669 306 2736 pro
322 2645 469 2711 sensibus
488 2660 520 2710 et
533 2643 769 2734 consuetudine
785 2646 927 2735 scripsit,
944 2662 1117 2735 antequam
1134 2645 1176 2711 ad
1190 2644 1317 2727 objecta

245 2751 471 2842 responderet,
491 2751 560 2838 ipse
581 2751 677 2816 etiam
695 2752 797 2816 multa
816 2775 888 2840 quae
905 2753 1029 2818 solvere
1052 2773 1088 2817 sc
1109 2752 1201 2818 facile
1219 2775 1319 2842 posse

245 2858 409 2948 sperabat,
429 2857 464 2919 in
486 2857 685 2920 contrarium
709 2873 853 2946 rogaret,
873 2856 989 2945 idque,
1012 2873 1137 2922 utnon
1161 2857 1318 2924 inferiore

245 2984 342 3051 quam
353 2961 509 3026 Arcesilas
526 2961 658 3050 ingenio
671 2984 739 3026 esse
755 2961 1168 3046 crederetur,ambitiosius
1179 2963 1318 3048 faceret,

243 3069 391 3158 viresque
403 3068 437 3132 in
449 3089 520 3132 eam
531 3089 600 3132 rem
613 3069 657 3132 ita
671 3067 873 3151 intenderet,
885 3084 923 3133 ut
932 3091 999 3134 nou
1008 3069 1115 3134 solum
1125 3067 1315 3158 philosophi

243 3197 335 3239 more
346 3174 486 3238 rationes
498 3191 694 3263 opponeret,
707 3173 764 3240 sed
776 3191 809 3240 ct
821 3175 940 3240 rabulae
952 3175 985 3240 iu
997 3172 1133 3238 modum
1146 3173 1314 3240 interdum

244 3279 476 3363 declamitaret3
489 3260 526 3344 iis
537 3281 717 3347 rationibus
731 3305 834 3370 quum
849 3283 959 3348 minus
971 3298 1086 3372 postea
1098 3281 1315 3366 satisfaceret,

243 3384 418 3450 lectoribus
444 3405 512 3449 nou
537 3384 627 3473 quod
646 3386 789 3470 volebat,
811 3387 1035 3476 persuadebat.
1059 3387 1126 3476 Ipsi
1149 3387 1251 3452 Stoici
1273 3387 1314 3455 de

245 3489 427 3578 Chrysippo
436 3489 617 3578 gloriantes,
624 3491 664 3556 ab
675 3514 714 3556 eo
723 3509 882 3558 armatum
891 3492 1091 3586 Carneadem
1097 3491 1143 3581 (3)
1155 3494 1314 3582 conqueri

243 3595 399 3660 solebant.
425 3594 549 3677 Quem,
572 3619 676 3683 quum
699 3597 871 3686 Chrysippi
895 3598 995 3664 libros
1017 3600 1155 3689 legeret,
1179 3599 1315 3664 solitum
1375 3663 1376 3666 ,

242 3701 349 3766 dicere
360 3699 467 3779 aiunt,
478 3711 609 3780 Δαιμόνιι,
627 3711 703 3781 petru
718 3731 746 3764 σι
761 3713 789 3766 τὸ
805 3714 846 3767 σὺν
863 3715 950 3785 μένος,
964 3703 1073 3784 Miser,
1091 3718 1146 3770 nm
1159 3717 1189 3769 te
1195 3707 1317 3794 perdet

277 3877 316 3944 (ι)
334 3875 442 3924 Laertius
455 3873 482 3922 in
495 3873 652 3942 Chrysippo,
663 3877 707 3928 lib.
718 3881 781 3938 vn,
800 3890 859 3928 sect.
871 3883 918 3942 ss,
936 3895 996 3947 pag.
1009 3890 1069 3946 479.

274 3965 315 4033 (a)
332 3967 370 4014 Dc
383 3962 553 4012 communibus
564 3965 666 4016 Nou'tiis
680 3967 737 4018 adr.
751 3968 862 4030 Stoicos,
876 3971 1069 4035 prg.1059,b.

277 4052 316 4119 (3)
333 4051 458 4102 Plutarch.
466 4051 497 4100 de
507 4053 646 4102 Stoicorum
656 4057 796 4108 contrariet.
804 4073 861 4122 pag.
874 4059 940 4107 10³6
948 4093 956 4118 ,
965 4059 997 4120 b,
1008 4069 1033 4108 et
1044 4061 1125 4110 hert.
1135 4058 1313 4138 inquirende,

240 4141 284 4190 lib.
298 4143 414 4200 meoet.
424 4141 456 4187 ⁶2
466 4175 474 4204 ,
485 4154 541 4204 pag.
551 4141 613 4189 sos.
