2724 4690
393 389 781 460 ARGUMENTUM.
1063 396 1132 469 223

141 519 181 574 lte
191 511 298 574 Etbieis
313 524 427 582 autem,
440 513 470 570 in
482 511 590 591 quibus
601 512 673 571 fines
685 511 832 572 bonorum
839 514 1045 596 malorumque
1059 539 1127 580 oon-

109 611 315 684 stimmdisint,
330 608 538 670 dissensionem
552 611 630 670 inter
642 629 770 670 summos
783 610 978 692 philosophos
987 635 1050 676 esse
1060 637 1123 676 ma-

108 711 202 768 ximam
214 710 353 768 omnium.
363 710 603 768 Commemoratis
613 707 796 768 diversorum
809 709 1069 789 pbilosophorum,
1083 715 1127 774 fs-

106 807 294 884 miliarumque
308 826 411 865 eornm
422 807 589 879 sententiis,
606 824 693 885 quam
703 825 802 865 earum
814 807 1039 886 ipsesequatur,
1051 833 1129 890 quee-

107 905 147 963 n't.
163 906 191 964 si
203 905 317 965 Stoicos
330 904 411 983 sequi
424 905 512 972 velit,
528 925 566 963 ne
579 904 666 963 licere
680 903 710 963 id
728 903 845 982 quidem
860 925 913 984 per
927 909 1104 968 Antiochum
1121 933 1127 968 :

107 1004 151 1080 qui
162 1017 269 1076 tamen,
280 1002 576 1082 perpaucismutatis,
591 1022 681 1080 quum
691 1001 880 1062 Academicus
890 1017 1058 1078 uocaretur,
1072 1027 1129 1086 pu—

106 1120 148 1157 ms
158 1112 334 1178 putusceset
348 1100 470 1160 Stoicus.
486 1100 647 1166 Periclitari
658 1099 718 1178 jam
731 1119 792 1158 rem
802 1119 919 1179 ,rquum
933 1104 1107 1163 antStoicus
1121 1149 1130 1177 ,

106 1209 149 1254 ant
161 1198 265 1256 veteris
276 1196 443 1256 Academiae
457 1198 586 1276 sapiens,
602 1197 639 1256 sit
652 1196 801 1276 eligendus
814 1219 821 1256 ι
839 1211 963 1276 uterque
975 1199 1058 1260 simul
1076 1221 1130 1260 au·-

106 1306 154 1352 tem
166 1315 223 1353 non
238 1295 352 1374 possit,
367 1314 457 1373 quarm
474 1295 622 1354 contentio
635 1294 711 1353 iuter
725 1307 883 1373 utrumque
896 1295 932 1353 ad
950 1308 1038 1374 totam
1051 1317 1131 1372 rem,

104 1411 155 1450 non
168 1392 202 1450 ad
219 1407 335 1472 partem
348 1393 475 1472 aliquam
492 1395 655 1472 pertineat,
681 1406 742 1452 eta
758 1393 893 1466 ratione,
915 1413 973 1472 qua
987 1415 1129 1456 summum

103 1488 201 1548 bonum
217 1489 392 1562 deliniabit,
420 1492 512 1550 omnis
527 1491 632 1570 agendi
646 1491 720 1549 ratio
736 1491 871 1570 pendeat.
895 1491 983 1565 Quod
999 1494 1024 1550 si
1042 1493 1131 1572 igitur

104 1587 285 1646 Polemoneus
307 1587 433 1666 (veteris
452 1588 632 1666 Academiae)
649 1587 764 1666 sapiens
783 1587 917 1665 eligatur,
943 1589 1038 1666 rejici,
1063 1603 1131 1649 uta

103 1701 165 1740 vero
177 1683 400 1756 abhorrentem,
419 1684 497 1743 bunc
508 1687 674 1744 Stoicorum
686 1705 693 1740 :
705 1696 735 1742 et
748 1684 787 1742 ita
798 1703 883 1742 versa
895 1684 967 1742 vice.
981 1685 1012 1744 Si
1026 1686 1130 1764 igitur,

102 1781 146 1856 (pii
159 1783 252 1840 neutri
266 1781 347 1861 parti
362 1782 532 1850 assentitur,
552 1799 709 1858 numquam
721 1779 850 1858 prudens
864 1780 921 1852 sit,
940 1781 1128 1858 quaerendum

103 1894 170 1951 esse,
185 1899 241 1958 qua
255 1877 415 1958 prudentia
430 1879 455 1937 is
466 1879 517 1950 sit,
530 1878 581 1956 qaai
595 1879 727 1938 alterutri
741 1895 887 1936 assensum
903 1897 986 1939 suum
999 1879 1130 1948 addicat,

104 1979 117 2045 ς
132 1977 273 2054 rap-132.

135 2073 235 2146 Quid?
250 2071 432 2132 Antiochum
443 2072 538 2150 ipsum
555 2071 586 2128 in
599 2089 655 2140 eo,
671 2068 751 2147 quod
767 2069 797 2128 in
811 2070 959 2144 nonnullis
972 2091 989 2130 n
1002 2072 1127 2146 Stoicis,

102 2186 166 2245 quos
180 2171 393 2250 amplectatur,
413 2167 559 2240 discedat,
576 2167 701 2239 docere,
721 2186 780 2226 non
798 2185 882 2245 posse
893 2168 955 2228 hoec
971 2183 1048 2230 recte
1062 2189 1130 2248 pro·

101 2265 158 2325 bati
170 2269 307 2346 sapienti.
321 2273 367 2328 Ita
380 2287 410 2324 v.
424 2286 449 2324 c.
462 2264 547 2324 valde
561 2265 639 2323 bunc
656 2264 713 2322 hoc
727 2265 861 2338 illorum,
873 2285 935 2342 quo
949 2268 1046 2328 omnia
1060 2288 1130 2346 pec-

101 2377 157 2423 cata
169 2369 250 2444 paria
266 2365 387 2436 dicant,
399 2362 577 2441 improbare.
598 2361 661 2421 uisi
676 2363 765 2440 igitur
777 2361 840 2440 ipse
851 2361 1013 2436 deliberet,
1028 2379 1126 2425 utrum

99 2479 190 2520 eorum
198 2473 358 2541 seqrratur:
368 2459 527 2518 verendam
537 2444 612 2530 csse,
627 2479 664 2518 ne
673 2458 767 2518 scelus
778 2459 955 2534 committam
968 2481 1059 2538 quum
1072 2467 1129 2522 Lu·

100 2560 183 2619 callus
194 2561 226 2619 ia
240 2559 352 2620 scelere
366 2558 512 2640 posuerit,
527 2558 552 2616 si
566 2555 672 2634 dogma
681 2555 865 2634 proderetur.
877 2561 988 2618 Carere
1001 2560 1129 2637 igiturse

99 2673 130 2714 ex
144 2657 279 2732 dogmate
293 2656 424 2732 utrisque
437 2652 601 2726 communi,
616 2673 654 2712 ne
666 2673 727 2712 non
741 2652 859 2731 cognito
874 2659 1053 2714 assentiatur.
1067 2661 1130 2716 Ma-

97 2752 182 2829 jorem
198 2754 278 2813 adeo
292 2752 499 2812 dissensionem
514 2750 590 2808 banc
607 2769 686 2822 esse,
700 2746 803 2827 'quum
817 2750 906 2808 vitam
920 2749 1034 2810 beatam
1050 2757 1129 2812 Zeno

99 2850 246 2912 invirtute
260 2850 366 2920 uuice;
388 2848 550 2909 Antiochus
564 2847 596 2906 in
610 2847 709 2908 eadem
723 2846 842 2915 beatam¹
853 2847 990 2924 quidem,
1006 2848 1129 2909 sednon

99 2946 289 3010 baccinum
303 2959 417 3007 statuat.
433 2952 530 3024 Atque
547 2946 579 3004 in
594 2965 629 3004 eo
649 2946 731 3004 illum
744 2945 825 3004 velut
837 2944 924 3004 deum
935 2965 982 3017 se,
1005 2945 1084 3006 hmo
1097 2962 1130 3008 ut

98 3045 321 3107 homuncionem
334 3043 465 3124 praebere
482 3066 490 3101 :
507 3043 574 3102 licet
584 3043 633 3102 ille
648 3043 768 3102 nimium
778 3043 881 3101 virtuti
893 3041 1021 3104 tribuere
1031 3044 1131 3104 videa-

100 3155 150 3202 tur.
163 3148 250 3204 llunc
265 3155 364 3204 autem
374 3161 456 3221 paene
466 3159 564 3202 secum
576 3159 720 3218 pugnare,
731 3139 796 3216 qui,
807 3141 948 3198 concessis
956 3140 1130 3218 quibusdam

98 3243 226 3320 corporis
243 3239 429 3327 scurraeque
442 3240 542 3305 malis,
559 3235 824 3314 tamensapientem
839 3236 954 3292 beatam
969 3249 1091 3306 statuat,
1106 3241 1130 3298 si

98 3338 140 3396 rel
154 3337 200 3397 his
210 3336 352 3398 omnibus
366 3345 524 3414 prematur.
539 3334 720 3392 Alterutrum
737 3332 844 3391 horum
854 3351 955 3392 verum
965 3353 1027 3392 esse
1040 3333 1133 3396 debe-

98 3453 147 3505 τες
165 3435 216 3495 sed
233 3455 273 3494 ex
292 3433 349 3492 hac
365 3431 543 3491 dissensione
561 3449 622 3488 sese
639 3427 778 3501 distrahi,
799 3430 903 3502 5133,
926 3431 990 3498 att.
1008 3436 1053 3492 Ne
1067 3433 1130 3494 haec

98 3531 229 3607 qm'dem,
244 3527 399 3608 inquibus
415 3541 537 3605 uterquc
556 3526 735 3595 consentiat,
756 3539 788 3584 ut
801 3545 871 3584 vera
884 3525 1005 3604 probari
1023 3549 1128 3606 posse,

98 3649 155 3689 nc.
167 3637 203 3692 ln
212 3631 378 3710 sapientem
386 3647 441 3687 uec
451 3625 639 3706 cupiditatem
650 3623 824 3697 caderenec
836 3625 978 3688 letitiam:
990 3629 1131 3688 Eumdem

98 3746 189 3807 neque
205 3729 310 3788 timeae
321 3745 477 3805 umqumu,
493 3743 548 3784 nee
565 3723 673 3784 dolere.
686 3729 760 3793 Hoc,
769 3722 945 3821 etsidurum
953 3726 1009 3798 eit,
1020 3728 1131 3786 Zenoni

97 3843 156 3884 ease
177 3824 402 3886 necessarium:
425 3821 571 3883 Antiocho
592 3839 690 3892 secos;
713 3819 778 3892 cni,
804 3833 909 3898 praeter
930 3835 1026 3900 turpe,
1055 3823 1129 3882 mala

99 3924 195 3982 multa.
203 3921 288 3982 Talia
295 3935 390 3980 autem
397 3919 582 4002 Academiam
590 3932 717 3978 veterem
722 3937 891 3996 numquam,
902 3919 1128 3997 quaeallectuum

95 4019 179 4078 etiam
196 4019 353 4078 utilitatem
367 4017 509 4076 docuerit.
523 4015 684 4094 Displicet-e
696 4015 872 4092 quoqueilla
881 4015 1044 4074 Stoicorum
1050 4025 1130 4094 cepat-

99 4119 160 4188 δοξα
178 4115 236 4196 (ab
251 4115 397 4176 Antiocho
415 4113 558 4191 adscita),
575 4133 660 4191 quae,
684 4111 752 4172 licet
765 4111 882 4190 quidem
896 4110 1047 4170 maximam
1060 4129 1129 4187 par-
