<?xml version="1.0" encoding="UTF-8"?>
<!DOCTYPE html PUBLIC "-//W3C//DTD XHTML 1.0 Transitional//EN"
    "http://www.w3.org/TR/xhtml1/DTD/xhtml1-transitional.dtd">
<html xmlns="http://www.w3.org/1999/xhtml" xml:lang="en" lang="en">
 <head>
  <title>
</title>
<meta http-equiv="Content-Type" content="text/html;charset=utf-8" />
  <meta name='ocr-system' content='tesseract 3.04.00' />
  <meta name='ocr-capabilities' content='ocr_page ocr_carea ocr_par ocr_line ocrx_word'/>
</head>
<body>
  <div class='ocr_page' id='page_1' title='image "./mtciceronisquae01lemagoog_0640.png"; bbox 0 0 2786 4674; ppageno 0'>
   <div class='ocr_carea' id='block_1_1' title="bbox 232 333 1310 4137">
    <p class='ocr_par' dir='ltr' id='par_1_1' title="bbox 235 333 953 407">
     <span class='ocr_line' id='line_1_1' title="bbox 235 333 953 407; baseline 0.006 -4"><span class='ocrx_word' id='word_1_1' title='bbox 235 333 307 404; x_wconf 71' lang='lat'>618</span> <span class='ocrx_word' id='word_1_2' title='bbox 573 339 620 404; x_wconf 91' lang='grc' dir='ltr'>Μ.</span> <span class='ocrx_word' id='word_1_3' title='bbox 647 339 686 406; x_wconf 89' lang='grc' dir='ltr'>Τ.</span> <span class='ocrx_word' id='word_1_4' title='bbox 714 339 953 407; x_wconf 81' lang='lat' dir='ltr'>CICERONIS</span> 
     </span>
    </p>

    <p class='ocr_par' dir='ltr' id='par_1_2' title="bbox 232 455 1310 4137">
     <span class='ocr_line' id='line_1_2' title="bbox 232 455 1310 536; baseline 0.003 -22"><span class='ocrx_word' id='word_1_5' title='bbox 232 473 332 514; x_wconf 84' lang='lat' dir='ltr'>rursus</span> <span class='ocrx_word' id='word_1_6' title='bbox 353 455 475 532; x_wconf 88' lang='lat' dir='ltr'>proprio</span> <span class='ocrx_word' id='word_1_7' title='bbox 493 455 555 534; x_wconf 81' lang='lat' dir='ltr'>igni</span> <span class='ocrx_word' id='word_1_8' title='bbox 572 458 747 516; x_wconf 75' lang='lat' dir='ltr'>exteriorem</span> <span class='ocrx_word' id='word_1_9' title='bbox 761 459 881 535; x_wconf 76' lang='lat' dir='ltr'>glaciem</span> <span class='ocrx_word' id='word_1_10' title='bbox 902 456 1049 516; x_wconf 82' lang='lat' dir='ltr'>moderate</span> <span class='ocrx_word' id='word_1_11' title='bbox 1072 457 1216 536; x_wconf 82' lang='lat' dir='ltr'>repellat:</span> <span class='ocrx_word' id='word_1_12' title='bbox 1237 459 1310 518; x_wconf 75' lang='lat' dir='ltr'>lraec</span> 
     </span>
     <span class='ocr_line' id='line_1_3' title="bbox 235 549 1309 630; baseline 0.005 -24"><span class='ocrx_word' id='word_1_13' title='bbox 235 566 326 627; x_wconf 84' lang='lat' dir='ltr'>quum</span> <span class='ocrx_word' id='word_1_14' title='bbox 339 549 423 606; x_wconf 88' lang='lat' dir='ltr'>lictor</span> <span class='ocrx_word' id='word_1_15' title='bbox 436 549 484 607; x_wconf 86' lang='lat' dir='ltr'>ille</span> <span class='ocrx_word' id='word_1_16' title='bbox 506 552 600 608; x_wconf 83' lang='lat' dir='ltr'>nostri</span> <span class='ocrx_word' id='word_1_17' title='bbox 619 553 751 630; x_wconf 89' lang='lat' dir='ltr'>corporis</span> <span class='ocrx_word' id='word_1_18' title='bbox 771 552 928 630; x_wconf 71' lang='lat' dir='ltr'>cogitaret,</span> <span class='ocrx_word' id='word_1_19' title='bbox 949 550 1088 608; x_wconf 80' lang='lat' dir='ltr'>mixtione</span> <span class='ocrx_word' id='word_1_20' title='bbox 1109 551 1238 627; x_wconf 85' lang='lat' dir='ltr'>quadam</span> <span class='ocrx_word' id='word_1_21' title='bbox 1268 573 1309 611; x_wconf 83' lang='lat' dir='ltr'>ex</span> 
     </span>
     <span class='ocr_line' id='line_1_4' title="bbox 234 643 1307 722; baseline 0.006 -25"><span class='ocrx_word' id='word_1_22' title='bbox 234 659 326 718; x_wconf 83' lang='lat' dir='ltr'>aqua,</span> <span class='ocrx_word' id='word_1_23' title='bbox 336 643 402 718; x_wconf 71' lang='lat' dir='ltr'>igne</span> <span class='ocrx_word' id='word_1_24' title='bbox 414 653 444 699; x_wconf 89' lang='lat' dir='ltr'>et</span> <span class='ocrx_word' id='word_1_25' title='bbox 454 655 530 700; x_wconf 88' lang='lat' dir='ltr'>terra</span> <span class='ocrx_word' id='word_1_26' title='bbox 543 655 775 722; x_wconf 84' lang='lat' dir='ltr'>contemperata,</span> <span class='ocrx_word' id='word_1_27' title='bbox 793 655 823 702; x_wconf 87' lang='lat' dir='ltr'>et</span> <span class='ocrx_word' id='word_1_28' title='bbox 837 655 922 702; x_wconf 87' lang='lat' dir='ltr'>acuto</span> <span class='ocrx_word' id='word_1_29' title='bbox 936 643 994 701; x_wconf 86' lang='lat' dir='ltr'>illis</span> <span class='ocrx_word' id='word_1_30' title='bbox 1007 644 1140 722; x_wconf 87' lang='lat' dir='ltr'>salsoque</span> <span class='ocrx_word' id='word_1_31' title='bbox 1153 644 1307 703; x_wconf 65' lang='lat' dir='ltr'>bummto</span> 
     </span>
     <span class='ocr_line' id='line_1_5' title="bbox 234 731 1307 812; baseline 0.002 -21"><span class='ocrx_word' id='word_1_32' title='bbox 234 731 381 804; x_wconf 84' lang='lat' dir='ltr'>adbibita,</span> <span class='ocrx_word' id='word_1_33' title='bbox 394 732 473 791; x_wconf 83' lang='lat' dir='ltr'>succi</span> <span class='ocrx_word' id='word_1_34' title='bbox 491 735 605 812; x_wconf 78' lang='lat' dir='ltr'>plenam</span> <span class='ocrx_word' id='word_1_35' title='bbox 619 754 653 794; x_wconf 87' lang='lat' dir='ltr'>ac</span> <span class='ocrx_word' id='word_1_36' title='bbox 665 738 780 796; x_wconf 86' lang='lat' dir='ltr'>mollem</span> <span class='ocrx_word' id='word_1_37' title='bbox 789 753 905 794; x_wconf 81' lang='lat' dir='ltr'>carnem</span> <span class='ocrx_word' id='word_1_38' title='bbox 920 735 1070 793; x_wconf 75' lang='lat' dir='ltr'>conflavit:</span> <span class='ocrx_word' id='word_1_39' title='bbox 1081 749 1214 794; x_wconf 82' lang='lat' dir='ltr'>naturam</span> <span class='ocrx_word' id='word_1_40' title='bbox 1226 753 1307 793; x_wconf 79' lang='lat' dir='ltr'>vero</span> 
     </span>
     <span class='ocr_line' id='line_1_6' title="bbox 234 828 1306 905; baseline 0.002 -21"><span class='ocrx_word' id='word_1_41' title='bbox 234 841 390 884; x_wconf 83' lang='lat' dir='ltr'>nervorum</span> <span class='ocrx_word' id='word_1_42' title='bbox 405 843 442 884; x_wconf 81' lang='lat' dir='ltr'>ex</span> <span class='ocrx_word' id='word_1_43' title='bbox 456 845 520 886; x_wconf 88' lang='lat' dir='ltr'>osse</span> <span class='ocrx_word' id='word_1_44' title='bbox 532 841 563 886; x_wconf 87' lang='lat' dir='ltr'>et</span> <span class='ocrx_word' id='word_1_45' title='bbox 575 845 663 888; x_wconf 88' lang='lat' dir='ltr'>carne</span> <span class='ocrx_word' id='word_1_46' title='bbox 677 847 736 886; x_wconf 89' lang='lat' dir='ltr'>non</span> <span class='ocrx_word' id='word_1_47' title='bbox 750 829 936 900; x_wconf 85' lang='lat' dir='ltr'>fermentata,</span> <span class='ocrx_word' id='word_1_48' title='bbox 952 843 1038 886; x_wconf 81' lang='lat' dir='ltr'>unam</span> <span class='ocrx_word' id='word_1_49' title='bbox 1053 845 1093 886; x_wconf 83' lang='lat' dir='ltr'>ex</span> <span class='ocrx_word' id='word_1_50' title='bbox 1104 828 1235 904; x_wconf 79' lang='lat' dir='ltr'>uoisqne</span> <span class='ocrx_word' id='word_1_51' title='bbox 1247 847 1306 905; x_wconf 89' lang='lat' dir='ltr'>po·</span> 
     </span>
     <span class='ocr_line' id='line_1_7' title="bbox 236 907 1307 998; baseline 0 -22"><span class='ocrx_word' id='word_1_52' title='bbox 236 916 325 976; x_wconf 82' lang='lat' dir='ltr'>tentia</span> <span class='ocrx_word' id='word_1_53' title='bbox 335 917 458 976; x_wconf 85' lang='lat' dir='ltr'>mediam</span> <span class='ocrx_word' id='word_1_54' title='bbox 470 921 653 998; x_wconf 83' lang='lat' dir='ltr'>temperavit,</span> <span class='ocrx_word' id='word_1_55' title='bbox 662 907 1013 998; x_wconf 75' lang='lat' dir='ltr'>ssavoqneinfecitcolore</span> <span class='ocrx_word' id='word_1_56' title='bbox 1023 941 1031 976; x_wconf 92' lang='lat'><strong>:</strong></span> <span class='ocrx_word' id='word_1_57' title='bbox 1041 917 1162 991; x_wconf 83' lang='lat' dir='ltr'>binelit,</span> <span class='ocrx_word' id='word_1_58' title='bbox 1171 933 1203 977; x_wconf 91' lang='lat' dir='ltr'>ut</span> <span class='ocrx_word' id='word_1_59' title='bbox 1211 939 1307 978; x_wconf 83' lang='lat' dir='ltr'>came</span> 
     </span>
     <span class='ocr_line' id='line_1_8' title="bbox 235 1007 1307 1090; baseline 0.003 -24"><span class='ocrx_word' id='word_1_60' title='bbox 235 1007 352 1088; x_wconf 81' lang='lat' dir='ltr'>quidem</span> <span class='ocrx_word' id='word_1_61' title='bbox 367 1009 475 1068; x_wconf 66' lang='lat' dir='ltr'>tendor</span> <span class='ocrx_word' id='word_1_62' title='bbox 487 1025 520 1070; x_wconf 85' lang='lat' dir='ltr'>et</span> <span class='ocrx_word' id='word_1_63' title='bbox 541 1013 668 1084; x_wconf 87' lang='lat' dir='ltr'>aridior,</span> <span class='ocrx_word' id='word_1_64' title='bbox 689 1012 803 1072; x_wconf 88' lang='lat' dir='ltr'>ossibus</span> <span class='ocrx_word' id='word_1_65' title='bbox 820 1025 920 1071; x_wconf 84' lang='lat' dir='ltr'>autem</span> <span class='ocrx_word' id='word_1_66' title='bbox 943 1011 1047 1089; x_wconf 77' lang='lat' dir='ltr'>agilior</span> <span class='ocrx_word' id='word_1_67' title='bbox 1070 1013 1245 1090; x_wconf 73' lang='lat' dir='ltr'>molliorque</span> <span class='ocrx_word' id='word_1_68' title='bbox 1266 1013 1307 1071; x_wconf 86' lang='lat' dir='ltr'>sit</span> 
     </span>
     <span class='ocr_line' id='line_1_9' title="bbox 235 1103 1306 1170; baseline 0 -10"><span class='ocrx_word' id='word_1_69' title='bbox 235 1119 393 1160; x_wconf 83' lang='lat' dir='ltr'>nerrorutn</span> <span class='ocrx_word' id='word_1_70' title='bbox 409 1103 587 1164; x_wconf 84' lang='lat' dir='ltr'>substantia:</span> <span class='ocrx_word' id='word_1_71' title='bbox 602 1105 648 1164; x_wconf 87' lang='lat' dir='ltr'>his</span> <span class='ocrx_word' id='word_1_72' title='bbox 662 1109 742 1164; x_wconf 89' lang='lat' dir='ltr'>Deus</span> <span class='ocrx_word' id='word_1_73' title='bbox 755 1105 910 1164; x_wconf 79' lang='lat' dir='ltr'>medellam</span> <span class='ocrx_word' id='word_1_74' title='bbox 928 1103 1013 1163; x_wconf 83' lang='lat' dir='ltr'>simul</span> <span class='ocrx_word' id='word_1_75' title='bbox 1029 1115 1058 1161; x_wconf 87' lang='lat' dir='ltr'>et</span> <span class='ocrx_word' id='word_1_76' title='bbox 1072 1121 1139 1162; x_wconf 81' lang='lat' dir='ltr'>ossa</span> <span class='ocrx_word' id='word_1_77' title='bbox 1154 1103 1306 1170; x_wconf 77' lang='lat' dir='ltr'>devinxit,</span> 
     </span>
     <span class='ocr_line' id='line_1_10' title="bbox 237 1193 1307 1276; baseline 0.001 -24"><span class='ocrx_word' id='word_1_78' title='bbox 237 1205 267 1252; x_wconf 88' lang='lat' dir='ltr'>et</span> <span class='ocrx_word' id='word_1_79' title='bbox 278 1193 342 1253; x_wconf 81' lang='lat' dir='ltr'>haee</span> <span class='ocrx_word' id='word_1_80' title='bbox 351 1197 447 1254; x_wconf 79' lang='lat' dir='ltr'>omnia</span> <span class='ocrx_word' id='word_1_81' title='bbox 457 1196 592 1256; x_wconf 83' lang='lat' dir='ltr'>carnibus</span> <span class='ocrx_word' id='word_1_82' title='bbox 603 1199 769 1276; x_wconf 83' lang='lat' dir='ltr'>cooperuit:</span> <span class='ocrx_word' id='word_1_83' title='bbox 785 1215 850 1275; x_wconf 83' lang='lat' dir='ltr'>quta</span> <span class='ocrx_word' id='word_1_84' title='bbox 866 1197 954 1275; x_wconf 74' lang='lat' dir='ltr'>igitur</span> <span class='ocrx_word' id='word_1_85' title='bbox 964 1211 1028 1256; x_wconf 85' lang='lat' dir='ltr'>ossa</span> <span class='ocrx_word' id='word_1_86' title='bbox 1038 1195 1165 1254; x_wconf 73' lang='lat' dir='ltr'>ammata</span> <span class='ocrx_word' id='word_1_87' title='bbox 1175 1195 1307 1254; x_wconf 70' lang='lat' dir='ltr'>anniane</span> 
     </span>
     <span class='ocr_line' id='line_1_11' title="bbox 237 1289 1305 1368; baseline 0.001 -23"><span class='ocrx_word' id='word_1_88' title='bbox 237 1301 335 1355; x_wconf 87' lang='lat' dir='ltr'>erant,</span> <span class='ocrx_word' id='word_1_89' title='bbox 356 1289 536 1366; x_wconf 78' lang='lat' dir='ltr'>paucissimis</span> <span class='ocrx_word' id='word_1_90' title='bbox 548 1289 682 1349; x_wconf 86' lang='lat' dir='ltr'>carnibus</span> <span class='ocrx_word' id='word_1_91' title='bbox 695 1289 849 1368; x_wconf 83' lang='lat' dir='ltr'>adoperuit</span> <span class='ocrx_word' id='word_1_92' title='bbox 861 1311 869 1346; x_wconf 80' lang='grc' dir='ltr'><strong>ι</strong></span> <span class='ocrx_word' id='word_1_93' title='bbox 884 1307 952 1367; x_wconf 81' lang='lat' dir='ltr'>quas</span> <span class='ocrx_word' id='word_1_94' title='bbox 966 1307 1037 1346; x_wconf 83' lang='lat' dir='ltr'>vero</span> <span class='ocrx_word' id='word_1_95' title='bbox 1052 1289 1185 1361; x_wconf 83' lang='lat' dir='ltr'>minime,</span> <span class='ocrx_word' id='word_1_96' title='bbox 1199 1301 1305 1346; x_wconf 81' lang='lat' dir='ltr'>contra</span> 
     </span>
     <span class='ocr_line' id='line_1_12' title="bbox 236 1379 1303 1460; baseline 0.002 -24"><span class='ocrx_word' id='word_1_97' title='bbox 236 1379 369 1458; x_wconf 80' lang='lat' dir='ltr'>plurimis</span> <span class='ocrx_word' id='word_1_98' title='bbox 380 1393 467 1458; x_wconf 64' lang='lat' dir='ltr'>mque</span> <span class='ocrx_word' id='word_1_99' title='bbox 480 1383 677 1441; x_wconf 71' lang='lat' dir='ltr'>crassissimis:</span> <span class='ocrx_word' id='word_1_100' title='bbox 689 1382 834 1460; x_wconf 84' lang='lat' dir='ltr'>juncturis</span> <span class='ocrx_word' id='word_1_101' title='bbox 848 1381 969 1460; x_wconf 87' lang='lat' dir='ltr'>insuper</span> <span class='ocrx_word' id='word_1_102' title='bbox 978 1379 1095 1450; x_wconf 67' lang='lat' dir='ltr'>mium,</span> <span class='ocrx_word' id='word_1_103' title='bbox 1107 1395 1303 1460; x_wconf 73' lang='lat' dir='ltr'>praeterquam</span> 
     </span>
     <span class='ocr_line' id='line_1_13' title="bbox 238 1467 1305 1554; baseline 0.006 -26"><span class='ocrx_word' id='word_1_104' title='bbox 238 1467 291 1528; x_wconf 90' lang='lat' dir='ltr'>ubi</span> <span class='ocrx_word' id='word_1_105' title='bbox 304 1472 479 1532; x_wconf 78' lang='lat' dir='ltr'>necessitatis</span> <span class='ocrx_word' id='word_1_106' title='bbox 493 1475 568 1533; x_wconf 87' lang='lat' dir='ltr'>ratio</span> <span class='ocrx_word' id='word_1_107' title='bbox 586 1475 670 1534; x_wconf 86' lang='lat' dir='ltr'>aliter</span> <span class='ocrx_word' id='word_1_108' title='bbox 683 1473 865 1554; x_wconf 85' lang='lat' dir='ltr'>postulabat,</span> <span class='ocrx_word' id='word_1_109' title='bbox 880 1491 988 1552; x_wconf 82' lang='lat' dir='ltr'>paucas</span> <span class='ocrx_word' id='word_1_110' title='bbox 998 1493 1100 1532; x_wconf 76' lang='lat' dir='ltr'>rames</span> <span class='ocrx_word' id='word_1_111' title='bbox 1114 1473 1239 1550; x_wconf 86' lang='lat' dir='ltr'>adjecit,</span> <span class='ocrx_word' id='word_1_112' title='bbox 1266 1493 1305 1534; x_wconf 86' lang='lat' dir='ltr'>ue</span> 
     </span>
     <span class='ocr_line' id='line_1_14' title="bbox 237 1561 1304 1645; baseline 0.005 -26"><span class='ocrx_word' id='word_1_113' title='bbox 237 1561 412 1623; x_wconf 75' lang='lat' dir='ltr'>flexiombus</span> <span class='ocrx_word' id='word_1_114' title='bbox 421 1565 629 1644; x_wconf 85' lang='lat' dir='ltr'>impedimento</span> <span class='ocrx_word' id='word_1_115' title='bbox 639 1569 749 1641; x_wconf 79' lang='lat' dir='ltr'>forent,</span> <span class='ocrx_word' id='word_1_116' title='bbox 763 1567 906 1645; x_wconf 86' lang='lat' dir='ltr'>tardaque</span> <span class='ocrx_word' id='word_1_117' title='bbox 919 1567 957 1626; x_wconf 93' lang='lat' dir='ltr'>ad</span> <span class='ocrx_word' id='word_1_118' title='bbox 971 1579 1081 1626; x_wconf 76' lang='lat' dir='ltr'>motnn</span> <span class='ocrx_word' id='word_1_119' title='bbox 1093 1586 1220 1645; x_wconf 79' lang='lat' dir='ltr'>corpora</span> <span class='ocrx_word' id='word_1_120' title='bbox 1232 1569 1304 1624; x_wconf 77' lang='lat' dir='ltr'>lace</span> 
     </span>
     <span class='ocr_line' id='line_1_15' title="bbox 237 1657 1303 1737; baseline 0.004 -24"><span class='ocrx_word' id='word_1_121' title='bbox 237 1669 318 1727; x_wconf 88' lang='lat' dir='ltr'>rent,</span> <span class='ocrx_word' id='word_1_122' title='bbox 333 1675 405 1716; x_wconf 85' lang='lat' dir='ltr'>uere</span> <span class='ocrx_word' id='word_1_123' title='bbox 420 1677 472 1718; x_wconf 87' lang='lat' dir='ltr'>sua</span> <span class='ocrx_word' id='word_1_124' title='bbox 483 1657 608 1737; x_wconf 79' lang='lat' dir='ltr'>quadan</span> <span class='ocrx_word' id='word_1_125' title='bbox 620 1659 712 1719; x_wconf 84' lang='lat' dir='ltr'>solida</span> <span class='ocrx_word' id='word_1_126' title='bbox 723 1659 915 1720; x_wconf 68' lang='lat' dir='ltr'>maasitudiue</span> <span class='ocrx_word' id='word_1_127' title='bbox 930 1659 1132 1737; x_wconf 84' lang='lat' dir='ltr'>obtusiorique</span> <span class='ocrx_word' id='word_1_128' title='bbox 1145 1660 1222 1718; x_wconf 86' lang='lat' dir='ltr'>mole</span> <span class='ocrx_word' id='word_1_129' title='bbox 1234 1679 1303 1716; x_wconf 80' lang='lat' dir='ltr'>aaa·</span> 
     </span>
     <span class='ocr_line' id='line_1_16' title="bbox 239 1749 1304 1831; baseline 0.003 -26"><span class='ocrx_word' id='word_1_130' title='bbox 239 1765 324 1806; x_wconf 83' lang='lat' dir='ltr'>suum</span> <span class='ocrx_word' id='word_1_131' title='bbox 340 1749 431 1808; x_wconf 87' lang='lat' dir='ltr'>aciem</span> <span class='ocrx_word' id='word_1_132' title='bbox 449 1749 634 1825; x_wconf 74' lang='lat' dir='ltr'>hebetarent,</span> <span class='ocrx_word' id='word_1_133' title='bbox 658 1753 827 1812; x_wconf 76' lang='lat' dir='ltr'>anemurium</span> <span class='ocrx_word' id='word_1_134' title='bbox 848 1749 1037 1831; x_wconf 81' lang='lat' dir='ltr'>impedirent,</span> <span class='ocrx_word' id='word_1_135' title='bbox 1056 1752 1166 1831; x_wconf 83' lang='lat' dir='ltr'>ingenii</span> <span class='ocrx_word' id='word_1_136' title='bbox 1181 1769 1304 1810; x_wconf 84' lang='lat' dir='ltr'>acumen</span> 
     </span>
     <span class='ocr_line' id='line_1_17' title="bbox 239 1837 1305 1923; baseline 0.004 -28"><span class='ocrx_word' id='word_1_137' title='bbox 239 1837 436 1900; x_wconf 83' lang='lat' dir='ltr'>obtunderaut</span> <span class='ocrx_word' id='word_1_138' title='bbox 451 1865 458 1900; x_wconf 90' lang='lat'><strong>:</strong></span> <span class='ocrx_word' id='word_1_139' title='bbox 474 1844 662 1920; x_wconf 85' lang='lat' dir='ltr'>quatnobrem</span> <span class='ocrx_word' id='word_1_140' title='bbox 676 1846 841 1923; x_wconf 83' lang='lat' dir='ltr'>inguinum,</span> <span class='ocrx_word' id='word_1_141' title='bbox 852 1843 1004 1918; x_wconf 86' lang='lat' dir='ltr'>tibiarum,</span> <span class='ocrx_word' id='word_1_142' title='bbox 1016 1843 1152 1916; x_wconf 80' lang='lat' dir='ltr'>iliorum,</span> <span class='ocrx_word' id='word_1_143' title='bbox 1165 1843 1305 1902; x_wconf 83' lang='lat' dir='ltr'>brachin-</span> 
     </span>
     <span class='ocr_line' id='line_1_18' title="bbox 242 1932 1305 2014; baseline 0.003 -25"><span class='ocrx_word' id='word_1_144' title='bbox 242 1947 326 2000; x_wconf 86' lang='lat' dir='ltr'>rntu,</span> <span class='ocrx_word' id='word_1_145' title='bbox 347 1932 521 1994; x_wconf 83' lang='lat' dir='ltr'>lacertorum</span> <span class='ocrx_word' id='word_1_146' title='bbox 535 1955 614 2008; x_wconf 83' lang='lat' dir='ltr'>ossa,</span> <span class='ocrx_word' id='word_1_147' title='bbox 635 1950 664 1996; x_wconf 91' lang='lat' dir='ltr'>et</span> <span class='ocrx_word' id='word_1_148' title='bbox 687 1951 783 1996; x_wconf 85' lang='lat' dir='ltr'>cetera</span> <span class='ocrx_word' id='word_1_149' title='bbox 802 1937 918 2006; x_wconf 82' lang='lat' dir='ltr'>omnia,</span> <span class='ocrx_word' id='word_1_150' title='bbox 946 1955 1011 2014; x_wconf 83' lang='lat' dir='ltr'>quae</span> <span class='ocrx_word' id='word_1_151' title='bbox 1031 1935 1162 1994; x_wconf 81' lang='lat' dir='ltr'>articarlis</span> <span class='ocrx_word' id='word_1_152' title='bbox 1189 1949 1305 2002; x_wconf 77' lang='lat' dir='ltr'>carent,</span> 
     </span>
     <span class='ocr_line' id='line_1_19' title="bbox 241 2025 1305 2109; baseline 0.003 -28"><span class='ocrx_word' id='word_1_153' title='bbox 241 2040 344 2101; x_wconf 76' lang='lat' dir='ltr'>quere</span> <span class='ocrx_word' id='word_1_154' title='bbox 359 2025 438 2086; x_wconf 84' lang='lat' dir='ltr'>intus</span> <span class='ocrx_word' id='word_1_155' title='bbox 456 2029 574 2088; x_wconf 85' lang='lat' dir='ltr'>latentia</span> <span class='ocrx_word' id='word_1_156' title='bbox 587 2049 653 2089; x_wconf 84' lang='lat' dir='ltr'>ossa</span> <span class='ocrx_word' id='word_1_157' title='bbox 667 2043 789 2109; x_wconf 86' lang='lat' dir='ltr'>propter</span> <span class='ocrx_word' id='word_1_158' title='bbox 809 2029 911 2088; x_wconf 82' lang='lat' dir='ltr'>animae</span> <span class='ocrx_word' id='word_1_159' title='bbox 929 2029 1105 2107; x_wconf 72' lang='lat' dir='ltr'>paucitatem</span> <span class='ocrx_word' id='word_1_160' title='bbox 1126 2028 1159 2086; x_wconf 85' lang='lat' dir='ltr'>iu</span> <span class='ocrx_word' id='word_1_161' title='bbox 1180 2025 1305 2085; x_wconf 82' lang='lat' dir='ltr'>medulla</span> 
     </span>
     <span class='ocr_line' id='line_1_20' title="bbox 242 2114 1305 2200; baseline 0.002 -26"><span class='ocrx_word' id='word_1_162' title='bbox 242 2114 397 2191; x_wconf 87' lang='lat' dir='ltr'>prudentia</span> <span class='ocrx_word' id='word_1_163' title='bbox 412 2139 502 2178; x_wconf 84' lang='lat' dir='ltr'>vacua</span> <span class='ocrx_word' id='word_1_164' title='bbox 514 2135 599 2193; x_wconf 83' lang='lat' dir='ltr'>sunt,</span> <span class='ocrx_word' id='word_1_165' title='bbox 615 2123 711 2181; x_wconf 79' lang='lat' dir='ltr'>maritis</span> <span class='ocrx_word' id='word_1_166' title='bbox 724 2135 792 2182; x_wconf 85' lang='lat' dir='ltr'>suot</span> <span class='ocrx_word' id='word_1_167' title='bbox 802 2121 938 2181; x_wconf 82' lang='lat' dir='ltr'>carnibus</span> <span class='ocrx_word' id='word_1_168' title='bbox 949 2120 1102 2200; x_wconf 86' lang='lat' dir='ltr'>adoperta:</span> <span class='ocrx_word' id='word_1_169' title='bbox 1113 2117 1305 2199; x_wconf 82' lang='lat' dir='ltr'>paucioribus</span> 
     </span>
     <span class='ocr_line' id='line_1_21' title="bbox 245 2213 1305 2290; baseline -0.007 -14"><span class='ocrx_word' id='word_1_170' title='bbox 245 2223 333 2275; x_wconf 61' lang='grc' dir='ltr'>ΜΟ,</span> <span class='ocrx_word' id='word_1_171' title='bbox 351 2227 416 2284; x_wconf 81' lang='lat' dir='ltr'>quae</span> <span class='ocrx_word' id='word_1_172' title='bbox 430 2213 613 2287; x_wconf 81' lang='lat' dir='ltr'>prudentiam</span> <span class='ocrx_word' id='word_1_173' title='bbox 627 2214 751 2273; x_wconf 83' lang='lat' dir='ltr'>babent:</span> <span class='ocrx_word' id='word_1_174' title='bbox 774 2213 829 2273; x_wconf 86' lang='lat' dir='ltr'>uisi</span> <span class='ocrx_word' id='word_1_175' title='bbox 843 2215 917 2274; x_wconf 80' lang='lat' dir='ltr'>forte</span> <span class='ocrx_word' id='word_1_176' title='bbox 930 2233 1054 2274; x_wconf 87' lang='lat' dir='ltr'>carnosa</span> <span class='ocrx_word' id='word_1_177' title='bbox 1067 2213 1201 2290; x_wconf 70' lang='lat' dir='ltr'>quedam</span> <span class='ocrx_word' id='word_1_178' title='bbox 1217 2213 1305 2270; x_wconf 78' lang='lat' dir='ltr'>molet</span> 
     </span>
     <span class='ocr_line' id='line_1_22' title="bbox 243 2300 1304 2385; baseline 0.003 -28"><span class='ocrx_word' id='word_1_179' title='bbox 243 2300 364 2377; x_wconf 88' lang='lat' dir='ltr'>proprie</span> <span class='ocrx_word' id='word_1_180' title='bbox 373 2300 411 2359; x_wconf 89' lang='lat' dir='ltr'>ad</span> <span class='ocrx_word' id='word_1_181' title='bbox 421 2321 537 2362; x_wconf 44' lang='lat' dir='ltr'>,nusum</span> <span class='ocrx_word' id='word_1_182' title='bbox 550 2307 677 2383; x_wconf 51' lang='lat' dir='ltr'>¹aliquem</span> <span class='ocrx_word' id='word_1_183' title='bbox 691 2319 788 2385; x_wconf 84' lang='lat' dir='ltr'>aptata</span> <span class='ocrx_word' id='word_1_184' title='bbox 799 2307 955 2385; x_wconf 84' lang='lat' dir='ltr'>sit,-qualis</span> <span class='ocrx_word' id='word_1_185' title='bbox 969 2318 1013 2364; x_wconf 89' lang='lat' dir='ltr'>est</span> <span class='ocrx_word' id='word_1_186' title='bbox 1031 2307 1147 2382; x_wconf 77' lang='lat' dir='ltr'>lingna:</span> <span class='ocrx_word' id='word_1_187' title='bbox 1163 2306 1191 2362; x_wconf 88' lang='lat' dir='ltr'>in</span> <span class='ocrx_word' id='word_1_188' title='bbox 1204 2304 1304 2362; x_wconf 65' lang='lat' dir='ltr'>umeris</span> 
     </span>
     <span class='ocr_line' id='line_1_23' title="bbox 244 2391 1304 2475; baseline 0.001 -25"><span class='ocrx_word' id='word_1_189' title='bbox 244 2403 302 2464; x_wconf 87' lang='lat' dir='ltr'>eat,</span> <span class='ocrx_word' id='word_1_190' title='bbox 315 2405 348 2450; x_wconf 89' lang='lat' dir='ltr'>ut</span> <span class='ocrx_word' id='word_1_191' title='bbox 358 2391 620 2456; x_wconf 68' lang='lat' dir='ltr'>diximossnatura</span> <span class='ocrx_word' id='word_1_192' title='bbox 633 2399 726 2470; x_wconf 86' lang='lat' dir='ltr'>enim,</span> <span class='ocrx_word' id='word_1_193' title='bbox 739 2417 777 2457; x_wconf 83' lang='lat' dir='ltr'>ex</span> <span class='ocrx_word' id='word_1_194' title='bbox 790 2399 958 2457; x_wconf 71' lang='lat' dir='ltr'>naamitate</span> <span class='ocrx_word' id='word_1_195' title='bbox 971 2397 1067 2475; x_wconf 82' lang='lat' dir='ltr'>genita</span> <span class='ocrx_word' id='word_1_196' title='bbox 1078 2409 1168 2473; x_wconf 81' lang='lat' dir='ltr'>atque</span> <span class='ocrx_word' id='word_1_197' title='bbox 1181 2395 1304 2464; x_wconf 72' lang='lat' dir='ltr'>uota-ita,</span> 
     </span>
     <span class='ocr_line' id='line_1_24' title="bbox 243 2485 1305 2568; baseline 0.002 -26"><span class='ocrx_word' id='word_1_198' title='bbox 243 2485 325 2542; x_wconf 90' lang='lat' dir='ltr'>uullo</span> <span class='ocrx_word' id='word_1_199' title='bbox 345 2485 433 2544; x_wconf 92' lang='lat' dir='ltr'>modo</span> <span class='ocrx_word' id='word_1_200' title='bbox 452 2505 486 2547; x_wconf 87' lang='lat' dir='ltr'>os</span> <span class='ocrx_word' id='word_1_201' title='bbox 504 2503 687 2567; x_wconf 85' lang='lat' dir='ltr'>compactum</span> <span class='ocrx_word' id='word_1_202' title='bbox 702 2509 875 2568; x_wconf 79' lang='lat' dir='ltr'>carnemque</span> <span class='ocrx_word' id='word_1_203' title='bbox 895 2491 1014 2548; x_wconf 84' lang='lat' dir='ltr'>multam</span> <span class='ocrx_word' id='word_1_204' title='bbox 1039 2488 1125 2548; x_wconf 82' lang='lat' dir='ltr'>sbunl</span> <span class='ocrx_word' id='word_1_205' title='bbox 1146 2501 1176 2546; x_wconf 87' lang='lat' dir='ltr'>et</span> <span class='ocrx_word' id='word_1_206' title='bbox 1193 2499 1305 2544; x_wconf 81' lang='lat' dir='ltr'>suumn</span> 
     </span>
     <span class='ocr_line' id='line_1_25' title="bbox 244 2579 1306 2662; baseline 0.001 -26"><span class='ocrx_word' id='word_1_207' title='bbox 244 2597 359 2636; x_wconf 83' lang='lat' dir='ltr'>sensum</span> <span class='ocrx_word' id='word_1_208' title='bbox 373 2579 518 2643; x_wconf 84' lang='lat' dir='ltr'>admittit:</span> <span class='ocrx_word' id='word_1_209' title='bbox 531 2582 657 2641; x_wconf 77' lang='lat' dir='ltr'>manime</span> <span class='ocrx_word' id='word_1_210' title='bbox 670 2601 796 2662; x_wconf 86' lang='lat' dir='ltr'>namque</span> <span class='ocrx_word' id='word_1_211' title='bbox 806 2584 939 2642; x_wconf 81' lang='lat' dir='ltr'>omnium</span> <span class='ocrx_word' id='word_1_212' title='bbox 958 2602 994 2642; x_wconf 84' lang='lat' dir='ltr'>ea</span> <span class='ocrx_word' id='word_1_213' title='bbox 1012 2581 1115 2659; x_wconf 83' lang='lat' dir='ltr'>capitis</span> <span class='ocrx_word' id='word_1_214' title='bbox 1135 2579 1306 2658; x_wconf 79' lang='lat' dir='ltr'>compositio</span> 
     </span>
     <span class='ocr_line' id='line_1_26' title="bbox 244 2669 1307 2756; baseline 0.001 -26"><span class='ocrx_word' id='word_1_215' title='bbox 244 2669 409 2745; x_wconf 81' lang='lat' dir='ltr'>habuisset,</span> <span class='ocrx_word' id='word_1_216' title='bbox 423 2675 447 2733; x_wconf 85' lang='lat' dir='ltr'>si</span> <span class='ocrx_word' id='word_1_217' title='bbox 460 2693 518 2733; x_wconf 87' lang='lat' dir='ltr'>uua</span> <span class='ocrx_word' id='word_1_218' title='bbox 532 2693 707 2734; x_wconf 85' lang='lat' dir='ltr'>concurrere</span> <span class='ocrx_word' id='word_1_219' title='bbox 721 2677 900 2756; x_wconf 83' lang='lat' dir='ltr'>potuissent:</span> <span class='ocrx_word' id='word_1_220' title='bbox 921 2692 1068 2754; x_wconf 73' lang='lat' dir='ltr'>genusque</span> <span class='ocrx_word' id='word_1_221' title='bbox 1081 2673 1233 2732; x_wconf 80' lang='lat' dir='ltr'>bominum</span> <span class='ocrx_word' id='word_1_222' title='bbox 1245 2674 1307 2751; x_wconf 88' lang='lat' dir='ltr'>pin·</span> 
     </span>
     <span class='ocr_line' id='line_1_27' title="bbox 245 2765 1307 2847; baseline -0.002 -24"><span class='ocrx_word' id='word_1_223' title='bbox 245 2783 315 2842; x_wconf 80' lang='lat' dir='ltr'>gue,</span> <span class='ocrx_word' id='word_1_224' title='bbox 332 2785 486 2824; x_wconf 69' lang='lat' dir='ltr'>neronam</span> <span class='ocrx_word' id='word_1_225' title='bbox 498 2765 709 2847; x_wconf 80' lang='lat' dir='ltr'>robustumque</span> <span class='ocrx_word' id='word_1_226' title='bbox 719 2767 829 2827; x_wconf 77' lang='lat' dir='ltr'>habeus</span> <span class='ocrx_word' id='word_1_227' title='bbox 843 2781 932 2847; x_wconf 88' lang='lat' dir='ltr'>caput</span> <span class='ocrx_word' id='word_1_228' title='bbox 942 2768 1030 2826; x_wconf 79' lang='lat' dir='ltr'>vitam</span> <span class='ocrx_word' id='word_1_229' title='bbox 1041 2765 1164 2843; x_wconf 86' lang='lat' dir='ltr'>duplam</span> <span class='ocrx_word' id='word_1_230' title='bbox 1176 2784 1212 2823; x_wconf 83' lang='lat' dir='ltr'>ac</span> <span class='ocrx_word' id='word_1_231' title='bbox 1220 2769 1307 2822; x_wconf 84' lang='lat' dir='ltr'>etiam</span> 
     </span>
     <span class='ocr_line' id='line_1_28' title="bbox 244 2856 1307 2938; baseline 0 -22"><span class='ocrx_word' id='word_1_232' title='bbox 244 2858 336 2916; x_wconf 85' lang='lat' dir='ltr'>mttlto</span> <span class='ocrx_word' id='word_1_233' title='bbox 351 2856 778 2932; x_wconf 82' lang='lat' dir='ltr'>diutmuiorem,·ralidiorem,</span> <span class='ocrx_word' id='word_1_234' title='bbox 797 2859 1110 2938; x_wconf 74' lang='lat' dir='ltr'>placidiorem,qu</span> <span class='ocrx_word' id='word_1_235' title='bbox 1123 2877 1193 2924; x_wconf 83' lang='lat' dir='ltr'>nos,</span> <span class='ocrx_word' id='word_1_236' title='bbox 1207 2873 1307 2934; x_wconf 85' lang='lat' dir='ltr'>posse·</span> 
     </span>
     <span class='ocr_line' id='line_1_29' title="bbox 246 2947 1307 3028; baseline 0.002 -22"><span class='ocrx_word' id='word_1_237' title='bbox 246 2947 336 3008; x_wconf 84' lang='lat' dir='ltr'>disset</span> <span class='ocrx_word' id='word_1_238' title='bbox 345 2969 353 3006; x_wconf 79' lang='lat' dir='ltr'>s</span> <span class='ocrx_word' id='word_1_239' title='bbox 363 2961 492 3008; x_wconf 80' lang='lat' dir='ltr'>ceterum</span> <span class='ocrx_word' id='word_1_240' title='bbox 503 2951 611 3010; x_wconf 85' lang='lat' dir='ltr'>uostris</span> <span class='ocrx_word' id='word_1_241' title='bbox 621 2951 679 3012; x_wconf 88' lang='lat' dir='ltr'>illis</span> <span class='ocrx_word' id='word_1_242' title='bbox 690 2951 929 3024; x_wconf 75' lang='lat' dir='ltr'>fabricatoribus,</span> <span class='ocrx_word' id='word_1_243' title='bbox 949 2951 986 3010; x_wconf 87' lang='lat' dir='ltr'>de</span> <span class='ocrx_word' id='word_1_244' title='bbox 999 2963 1102 3009; x_wconf 90' lang='lat' dir='ltr'>nostro</span> <span class='ocrx_word' id='word_1_245' title='bbox 1116 2969 1224 3028; x_wconf 67' lang='lat' dir='ltr'>genere</span> <span class='ocrx_word' id='word_1_246' title='bbox 1235 2969 1307 3008; x_wconf 87' lang='lat' dir='ltr'>cen-</span> 
     </span>
     <span class='ocr_line' id='line_1_30' title="bbox 246 3038 1307 3122; baseline 0.002 -24"><span class='ocrx_word' id='word_1_247' title='bbox 246 3038 434 3112; x_wconf 81' lang='lat' dir='ltr'>sultantibus‚</span> <span class='ocrx_word' id='word_1_248' title='bbox 447 3055 545 3101; x_wconf 80' lang='lat' dir='ltr'>utrum</span> <span class='ocrx_word' id='word_1_249' title='bbox 555 3043 722 3104; x_wconf 80' lang='lat' dir='ltr'>diuturnius</span> <span class='ocrx_word' id='word_1_250' title='bbox 734 3044 868 3122; x_wconf 72' lang='lat' dir='ltr'>quidem,</span> <span class='ocrx_word' id='word_1_251' title='bbox 888 3043 939 3104; x_wconf 83' lang='lat' dir='ltr'>aad</span> <span class='ocrx_word' id='word_1_252' title='bbox 953 3042 1099 3115; x_wconf 85' lang='lat' dir='ltr'>deterius,</span> <span class='ocrx_word' id='word_1_253' title='bbox 1114 3063 1153 3101; x_wconf 83' lang='lat' dir='ltr'>an</span> <span class='ocrx_word' id='word_1_254' title='bbox 1166 3041 1307 3100; x_wconf 78' lang='lat' dir='ltr'>brevioris</span> 
     </span>
     <span class='ocr_line' id='line_1_31' title="bbox 246 3133 1306 3212; baseline 0.002 -20"><span class='ocrx_word' id='word_1_255' title='bbox 246 3134 365 3212; x_wconf 86' lang='lat' dir='ltr'>quidem</span> <span class='ocrx_word' id='word_1_256' title='bbox 383 3136 468 3208; x_wconf 71' lang='lat' dir='ltr'>ritae,</span> <span class='ocrx_word' id='word_1_257' title='bbox 490 3136 542 3195; x_wconf 87' lang='lat' dir='ltr'>sed</span> <span class='ocrx_word' id='word_1_258' title='bbox 562 3136 689 3196; x_wconf 88' lang='lat' dir='ltr'>melioris</span> <span class='ocrx_word' id='word_1_259' title='bbox 707 3139 873 3209; x_wconf 87' lang='lat' dir='ltr'>efficerent,</span> <span class='ocrx_word' id='word_1_260' title='bbox 897 3139 989 3196; x_wconf 83' lang='lat' dir='ltr'>visum</span> <span class='ocrx_word' id='word_1_261' title='bbox 1011 3136 1066 3194; x_wconf 84' lang='lat' dir='ltr'>luit</span> <span class='ocrx_word' id='word_1_262' title='bbox 1084 3136 1174 3194; x_wconf 78' lang='lat' dir='ltr'>vitam</span> <span class='ocrx_word' id='word_1_263' title='bbox 1190 3133 1306 3194; x_wconf 81' lang='lat' dir='ltr'>brevem</span> 
     </span>
     <span class='ocr_line' id='line_1_32' title="bbox 246 3225 1306 3306; baseline -0.001 -22"><span class='ocrx_word' id='word_1_264' title='bbox 246 3226 454 3306; x_wconf 87' lang='lat' dir='ltr'>melioremque</span> <span class='ocrx_word' id='word_1_265' title='bbox 470 3227 616 3288; x_wconf 83' lang='lat' dir='ltr'>diutumta</span> <span class='ocrx_word' id='word_1_266' title='bbox 633 3241 665 3287; x_wconf 87' lang='lat' dir='ltr'>ct</span> <span class='ocrx_word' id='word_1_267' title='bbox 682 3228 821 3288; x_wconf 84' lang='lat' dir='ltr'>deteriori</span> <span class='ocrx_word' id='word_1_268' title='bbox 840 3249 901 3288; x_wconf 84' lang='lat' dir='ltr'>esse</span> <span class='ocrx_word' id='word_1_269' title='bbox 919 3229 1037 3288; x_wconf 85' lang='lat' dir='ltr'>omniuo</span> <span class='ocrx_word' id='word_1_270' title='bbox 1056 3225 1306 3304; x_wconf 74' lang='lat' dir='ltr'>anteponendam:</span> 
     </span>
     <span class='ocr_line' id='line_1_33' title="bbox 249 3315 1306 3398; baseline 0.002 -24"><span class='ocrx_word' id='word_1_271' title='bbox 249 3318 348 3395; x_wconf 83' lang='lat' dir='ltr'>itaque</span> <span class='ocrx_word' id='word_1_272' title='bbox 359 3323 447 3398; x_wconf 83' lang='lat' dir='ltr'>caput</span> <span class='ocrx_word' id='word_1_273' title='bbox 460 3338 524 3379; x_wconf 85' lang='lat' dir='ltr'>osse</span> <span class='ocrx_word' id='word_1_274' title='bbox 537 3339 606 3378; x_wconf 89' lang='lat' dir='ltr'>raro</span> <span class='ocrx_word' id='word_1_275' title='bbox 618 3333 731 3393; x_wconf 81' lang='lat' dir='ltr'>texere,</span> <span class='ocrx_word' id='word_1_276' title='bbox 744 3321 794 3380; x_wconf 85' lang='lat' dir='ltr'>sed</span> <span class='ocrx_word' id='word_1_277' title='bbox 810 3321 946 3381; x_wconf 77' lang='lat' dir='ltr'>curribus</span> <span class='ocrx_word' id='word_1_278' title='bbox 958 3315 1124 3398; x_wconf 69' lang='lat' dir='ltr'>nemial&#39;ue,</span> <span class='ocrx_word' id='word_1_279' title='bbox 1134 3319 1204 3397; x_wconf 83' lang='lat' dir='ltr'>quia</span> <span class='ocrx_word' id='word_1_280' title='bbox 1214 3319 1306 3378; x_wconf 76' lang='lat' dir='ltr'>deuio·</span> 
     </span>
     <span class='ocr_line' id='line_1_34' title="bbox 248 3409 1307 3486; baseline 0 -18"><span class='ocrx_word' id='word_1_281' title='bbox 248 3429 301 3468; x_wconf 83' lang='lat' dir='ltr'>nes</span> <span class='ocrx_word' id='word_1_282' title='bbox 313 3431 375 3469; x_wconf 87' lang='lat' dir='ltr'>non</span> <span class='ocrx_word' id='word_1_283' title='bbox 394 3427 457 3472; x_wconf 87' lang='lat' dir='ltr'>erat</span> <span class='ocrx_word' id='word_1_284' title='bbox 474 3413 659 3486; x_wconf 82' lang='lat' dir='ltr'>habitururn,</span> <span class='ocrx_word' id='word_1_285' title='bbox 674 3433 734 3470; x_wconf 87' lang='lat' dir='ltr'>uon</span> <span class='ocrx_word' id='word_1_286' title='bbox 748 3414 939 3472; x_wconf 84' lang='lat' dir='ltr'>fulcireront:</span> <span class='ocrx_word' id='word_1_287' title='bbox 959 3411 1005 3472; x_wconf 86' lang='lat' dir='ltr'>bis</span> <span class='ocrx_word' id='word_1_288' title='bbox 1018 3409 1155 3471; x_wconf 86' lang='lat' dir='ltr'>omuibus</span> <span class='ocrx_word' id='word_1_289' title='bbox 1168 3410 1307 3468; x_wconf 77' lang='lat' dir='ltr'>deceruit</span> 
     </span>
     <span class='ocr_line' id='line_1_35' title="bbox 249 3501 1307 3582; baseline -0.002 -20"><span class='ocrx_word' id='word_1_290' title='bbox 249 3515 338 3581; x_wconf 87' lang='lat' dir='ltr'>capot</span> <span class='ocrx_word' id='word_1_291' title='bbox 362 3505 499 3564; x_wconf 86' lang='lat' dir='ltr'>membris</span> <span class='ocrx_word' id='word_1_292' title='bbox 520 3504 656 3564; x_wconf 81' lang='lat' dir='ltr'>omuibus</span> <span class='ocrx_word' id='word_1_293' title='bbox 677 3505 788 3565; x_wconf 85' lang='lat' dir='ltr'>acutius</span> <span class='ocrx_word' id='word_1_294' title='bbox 805 3506 843 3564; x_wconf 78' lang='lat' dir='ltr'>ad</span> <span class='ocrx_word' id='word_1_295' title='bbox 865 3505 1047 3564; x_wconf 82' lang='lat' dir='ltr'>sentiendum</span> <span class='ocrx_word' id='word_1_296' title='bbox 1065 3501 1307 3582; x_wconf 70' lang='lat' dir='ltr'>prudentiusque,</span> 
     </span>
     <span class='ocr_line' id='line_1_36' title="bbox 249 3593 1307 3676; baseline -0.007 -20"><span class='ocrx_word' id='word_1_297' title='bbox 249 3593 300 3656; x_wconf 87' lang='lat' dir='ltr'>sed</span> <span class='ocrx_word' id='word_1_298' title='bbox 314 3594 485 3656; x_wconf 86' lang='lat' dir='ltr'>imbecillius</span> <span class='ocrx_word' id='word_1_299' title='bbox 496 3598 754 3676; x_wconf 57' lang='lat' dir='ltr'>estscoustitutum:</span> <span class='ocrx_word' id='word_1_300' title='bbox 771 3617 878 3656; x_wconf 74' lang='lat' dir='ltr'>nmvus</span> <span class='ocrx_word' id='word_1_301' title='bbox 898 3610 994 3656; x_wconf 83' lang='lat' dir='ltr'>autem</span> <span class='ocrx_word' id='word_1_302' title='bbox 1017 3593 1058 3654; x_wconf 93' lang='lat' dir='ltr'>ob</span> <span class='ocrx_word' id='word_1_303' title='bbox 1077 3593 1155 3654; x_wconf 87' lang='lat' dir='ltr'>hanc</span> <span class='ocrx_word' id='word_1_304' title='bbox 1172 3593 1307 3652; x_wconf 87' lang='lat' dir='ltr'>rationem</span> 
     </span>
     <span class='ocr_line' id='line_1_37' title="bbox 250 3685 1307 3769; baseline -0.004 -23"><span class='ocrx_word' id='word_1_305' title='bbox 250 3687 406 3766; x_wconf 84' lang='lat' dir='ltr'>atqueboc</span> <span class='ocrx_word' id='word_1_306' title='bbox 419 3703 504 3767; x_wconf 88' lang='lat' dir='ltr'>pacto</span> <span class='ocrx_word' id='word_1_307' title='bbox 515 3693 595 3748; x_wconf 80' lang='lat' dir='ltr'>Deus</span> <span class='ocrx_word' id='word_1_308' title='bbox 609 3702 744 3748; x_wconf 69' lang='lat' dir='ltr'>extrusum</span> <span class='ocrx_word' id='word_1_309' title='bbox 757 3692 833 3769; x_wconf 88' lang='lat' dir='ltr'>parti</span> <span class='ocrx_word' id='word_1_310' title='bbox 850 3690 952 3769; x_wconf 86' lang='lat' dir='ltr'>capitis</span> <span class='ocrx_word' id='word_1_311' title='bbox 972 3691 1212 3765; x_wconf 77' lang='lat' dir='ltr'>circumponens,</span> <span class='ocrx_word' id='word_1_312' title='bbox 1224 3685 1307 3762; x_wconf 76' lang='lat' dir='ltr'>spina</span> 
     </span>
     <span class='ocr_line' id='line_1_38' title="bbox 250 3776 1307 3859; baseline -0.004 -21"><span class='ocrx_word' id='word_1_313' title='bbox 250 3780 330 3839; x_wconf 88' lang='lat' dir='ltr'>dorsi</span> <span class='ocrx_word' id='word_1_314' title='bbox 350 3799 399 3839; x_wconf 91' lang='lat' dir='ltr'>eos</span> <span class='ocrx_word' id='word_1_315' title='bbox 416 3781 540 3858; x_wconf 82' lang='lat' dir='ltr'>quadam</span> <span class='ocrx_word' id='word_1_316' title='bbox 559 3782 750 3842; x_wconf 86' lang='lat' dir='ltr'>similitudine</span> <span class='ocrx_word' id='word_1_317' title='bbox 769 3780 1018 3859; x_wconf 79' lang='lat' dir='ltr'>circumplicarit.</span> <span class='ocrx_word' id='word_1_318' title='bbox 1051 3793 1236 3856; x_wconf 76' lang='lat' dir='ltr'>summasque</span> <span class='ocrx_word' id='word_1_319' title='bbox 1256 3776 1307 3834; x_wconf 83' lang='lat' dir='ltr'>illis</span> 
     </span>
     <span class='ocr_line' id='line_1_39' title="bbox 251 3868 1307 3953; baseline -0.007 -20"><span class='ocrx_word' id='word_1_320' title='bbox 251 3874 381 3933; x_wconf 84' lang='lat' dir='ltr'>maxillas</span> <span class='ocrx_word' id='word_1_321' title='bbox 395 3872 450 3932; x_wconf 86' lang='lat' dir='ltr'>sub</span> <span class='ocrx_word' id='word_1_322' title='bbox 465 3873 547 3931; x_wconf 86' lang='lat' dir='ltr'>vultu</span> <span class='ocrx_word' id='word_1_323' title='bbox 559 3874 706 3934; x_wconf 72' lang='lat' dir='ltr'>devinxit:</span> <span class='ocrx_word' id='word_1_324' title='bbox 720 3875 848 3953; x_wconf 84' lang='lat' dir='ltr'>reliquos</span> <span class='ocrx_word' id='word_1_325' title='bbox 858 3894 915 3952; x_wconf 85' lang='lat' dir='ltr'>per</span> <span class='ocrx_word' id='word_1_326' title='bbox 928 3874 1023 3932; x_wconf 88' lang='lat' dir='ltr'>omnia</span> <span class='ocrx_word' id='word_1_327' title='bbox 1036 3870 1169 3932; x_wconf 86' lang='lat' dir='ltr'>membra</span> <span class='ocrx_word' id='word_1_328' title='bbox 1182 3868 1307 3928; x_wconf 84' lang='lat' dir='ltr'>dissemi-</span> 
     </span>
     <span class='ocr_line' id='line_1_40' title="bbox 252 3964 1306 4044; baseline -0.004 -20"><span class='ocrx_word' id='word_1_329' title='bbox 252 3968 344 4036; x_wconf 83' lang='lat' dir='ltr'>navit,</span> <span class='ocrx_word' id='word_1_330' title='bbox 353 3965 511 4024; x_wconf 70' lang='lat' dir='ltr'>&#39;artioulum</span> <span class='ocrx_word' id='word_1_331' title='bbox 529 3979 702 4030; x_wconf 82' lang='lat' dir='ltr'>connectens</span> <span class='ocrx_word' id='word_1_332' title='bbox 721 3968 853 4026; x_wconf 74' lang='lat' dir='ltr'>articulo.</span> <span class='ocrx_word' id='word_1_333' title='bbox 868 3965 967 4026; x_wconf 85' lang='lat' dir='ltr'>Nostri</span> <span class='ocrx_word' id='word_1_334' title='bbox 984 3977 1125 4044; x_wconf 80' lang='lat' dir='ltr'>praeterea</span> <span class='ocrx_word' id='word_1_335' title='bbox 1136 3964 1179 4022; x_wconf 90' lang='lat' dir='ltr'>illi</span> <span class='ocrx_word' id='word_1_336' title='bbox 1190 3979 1306 4021; x_wconf 78' lang='lat' dir='ltr'>exorna-</span> 
     </span>
     <span class='ocr_line' id='line_1_41' title="bbox 250 4055 1306 4137; baseline -0.003 -22"><span class='ocrx_word' id='word_1_337' title='bbox 250 4069 326 4115; x_wconf 87' lang='lat' dir='ltr'>tores</span> <span class='ocrx_word' id='word_1_338' title='bbox 340 4060 398 4118; x_wconf 83' lang='lat' dir='ltr'>onis</span> <span class='ocrx_word' id='word_1_339' title='bbox 408 4071 541 4120; x_wconf 82' lang='lat' dir='ltr'>naturum</span> <span class='ocrx_word' id='word_1_340' title='bbox 556 4058 710 4130; x_wconf 82' lang='lat' dir='ltr'>dentibus,</span> <span class='ocrx_word' id='word_1_341' title='bbox 730 4060 843 4137; x_wconf 78' lang='lat' dir='ltr'>lingua,</span> <span class='ocrx_word' id='word_1_342' title='bbox 862 4059 959 4130; x_wconf 86' lang='lat' dir='ltr'>labiis,</span> <span class='ocrx_word' id='word_1_343' title='bbox 979 4059 1019 4118; x_wconf 90' lang='lat' dir='ltr'>ita</span> <span class='ocrx_word' id='word_1_344' title='bbox 1033 4071 1066 4116; x_wconf 92' lang='lat' dir='ltr'>ut</span> <span class='ocrx_word' id='word_1_345' title='bbox 1079 4075 1157 4116; x_wconf 86' lang='lat' dir='ltr'>nunc</span> <span class='ocrx_word' id='word_1_346' title='bbox 1170 4055 1306 4125; x_wconf 79' lang='lat' dir='ltr'>videmus,</span> 
     </span>
    </p>
   </div>
   <div class='ocr_carea' id='block_1_2' title="bbox 0 0 1415 4674">
    <p class='ocr_par' dir='ltr' id='par_1_3' title="bbox 0 0 1415 4674">
     <span class='ocr_line' id='line_1_42' title="bbox 0 0 1415 4674; baseline 0 0"><span class='ocrx_word' id='word_1_347' title='bbox 0 0 1415 4674; x_wconf 95' lang='lat' dir='ltr'> </span> 
     </span>
    </p>
   </div>
  </div>
 </body>
</html>
