2776 4668
60 483 255 564 pervenerint,
263 480 368 543 nostri:
384 480 415 540 in
428 480 543 559 templis
554 481 697 560 descripto
712 492 881 540 servantur:
897 483 975 560 apud
987 503 1038 546 ros
1051 487 1115 565 qui·

60 578 122 637 dem
134 591 163 636 et
175 577 244 654 ¹alias
256 587 355 654 gentes
367 593 415 632 res
428 585 513 651 geste
527 592 622 653 nuper
637 573 726 632 literis
737 573 986 652 monumentisque
999 578 1116 638 madun-

61 683 116 742 tur;
132 669 184 728 sed
197 669 283 728 certis
299 682 461 746 temporum
475 665 625 724 curmcrrlis
636 665 747 725 illuvies
758 665 884 726 immissa
897 667 1004 726 caelitus
1020 672 1117 732 omnia

59 762 228 842 populatur:
242 760 325 832 ideo,
340 758 391 838 qui
409 757 580 830 succedunt,
593 771 624 817 et
642 758 732 820 literis
754 770 783 816 et
802 757 894 817 Musis
916 757 1011 818 orbati
1028 776 1115 822 sunt:

59 873 115 932 quo
128 855 175 926 fit,
188 866 222 912 ut
243 851 326 932 quasi
342 850 463 928 juvenes
478 849 584 910 iterum
598 849 659 910 sitis
672 865 703 910 et
717 849 819 923 rudes,
839 851 1050 928 praeteritarum
1070 875 1119 914 re·

59 966 120 1004 rum
132 946 263 1004 omnium
278 961 398 1023 prorsus
414 942 524 1020 ignari:
537 961 604 1002 nam
618 956 648 1002 et
660 961 693 1002 ea
708 942 783 1022 ipsa,
793 961 858 1020 quse
872 943 960 1002 modo
970 963 1006 1004 ex
1015 947 1119 1006 vestris

58 1038 182 1099 historiis
195 1035 378 1109 recensebatu,
390 1055 408 1094 a
421 1033 526 1095 tabulis
537 1035 715 1115 puerilibus,
731 1055 749 1094 o
762 1036 868 1109 Solon,
883 1055 985 1114 parum
998 1036 1119 1112 distant,

58 1133 165 1209 primo,
179 1129 260 1210 quod
273 1131 358 1189 unius
372 1141 482 1188 tantum
496 1127 693 1188 inundationis
707 1127 906 1202 memineritis,
920 1148 1010 1206 quum
1021 1132 1118 1190 misltae

58 1222 254 1299 precesserint
266 1243 274 1279 :
287 1219 393 1280 deiude
410 1218 490 1298 quod
505 1239 597 1298 genus
613 1219 754 1298 majorum
772 1233 937 1280 vestrorum
952 1221 983 1280 in
1001 1223 1119 1301 regione

58 1327 151 1374 vestra
161 1315 351 1374 clarissimum
364 1325 394 1374 et
408 1313 551 1392 optimum
563 1313 715 1391 ignoretis,
727 1333 763 1372 ex
777 1332 837 1391 quo
850 1327 881 1372 tu
895 1326 924 1372 et
932 1313 1121 1375 Athenienses

58 1408 143 1466 ceteri
156 1407 219 1466 nati
232 1405 312 1479 estis,
324 1407 429 1484 exiguo
443 1405 551 1465 semine
563 1404 709 1483 quondam
721 1403 844 1483 publicae
857 1402 932 1463 cladi
945 1407 1117 1484 superstite:

58 1499 133 1575 quod
148 1513 305 1580 propterea
319 1517 372 1558 vos
385 1499 485 1571 latuit,
504 1489 575 1576 quia
589 1496 757 1576 superstites
776 1496 819 1555 illi
836 1515 996 1575 eorumque
1010 1498 1119 1576 posteri

59 1588 206 1650 literarum
229 1609 285 1652 usu
302 1589 400 1650 multis
415 1589 518 1650 seculis
538 1601 711 1650 caruerunt:
729 1589 784 1647 fuit
802 1588 878 1648 enirn
895 1601 961 1650 ante
976 1591 1121 1651 exitialem

58 1681 133 1742 illam
150 1697 235 1744 terrea
248 1683 435 1758 illuvionem,
460 1703 479 1742 ο
498 1683 604 1755 Solon,
620 1681 839 1742 Atheniensium
858 1682 960 1742 civitas
978 1697 1036 1744 tam
1051 1681 1121 1744 belli

58 1793 141 1851 quam
156 1775 238 1854 pacis
249 1775 353 1834 officiis
368 1774 620 1854 prestantissima
637 1773 757 1852 ejusque
775 1793 866 1852 opera
882 1775 1016 1854 legesque
1029 1777 1124 1854 omni-

57 1864 123 1940 bus,
133 1887 261 1946 quorum
272 1866 411 1926 memoria
425 1864 462 1923 ad
472 1885 526 1924 nos
539 1866 687 1944 pemenit,
709 1866 1011 1926 excelluerunt.·Tuuc
1025 1867 1121 1926 admi·

56 1970 150 2018 ratum
166 1961 304 2020 Solonem
318 1956 426 2016 obnixe
441 1957 604 2016 sacerdotes
619 1956 812 2018 obsecravisse
825 1959 881 2030 ait,
897 1970 930 2018 ut
944 1961 1041 2019 omnia
1055 1959 1123 2020 dili-

56 2065 155 2126 genter
167 2051 330 2129 priscorum
344 2049 450 2108 civim
464 2068 555 2128 opera
571 2049 742 2108 revelarent.
759 2054 853 2128 Atque
869 2049 913 2110 illi
929 2051 970 2110 sic
987 2071 1004 2110 a
1021 2073 1121 2113 sacer-

56 2141 123 2203 dote
151 2139 393 2230 quodam'luisse
423 2159 618 2219 responsum:
646 2141 733 2204 Nulla
757 2142 814 2201 hoc
838 2143 945 2202 invidia
968 2144 1121 2227 prohibet,

57 2236 171 2294 Solon:
193 2233 288 2294 dicam
306 2231 442 2310 equidem
464 2229 605 2306 libenter,
624 2233 668 2291 tui
690 2246 720 2292 et
744 2233 868 2308 civitatis
887 2248 990 2296 vestrae
1010 2238 1122 2315 gratia:
1188 2267 1194 2276 ·

58 2329 264 2388 maximevero
276 2326 368 2406 gratia
380 2331 464 2398 Dee,
484 2345 549 2403 qoae
570 2338 600 2384 et
619 2339 743 2386 vestram
763 2328 843 2388 illam
857 2341 886 2387 et
900 2329 975 2388 banc
993 2344 1122 2390 nostram

58 2419 203 2494 condidit,
225 2418 379 2490 ducavit,
400 2417 543 2490 instituit;
566 2417 694 2496 priorem
714 2431 838 2480 vestram
862 2421 943 2480 aunis
967 2421 1061 2495 mille,
1083 2444 1120 2484 ex
1206 2491 1209 2505 Ι

59 2517 147 2574 Terra
156 2527 187 2573 et
193 2513 325 2572 Vulcano
337 2509 480 2590 accipiens
489 2508 616 2573 semina:
630 2510 799 2590 posterioris
813 2523 909 2572 autem
921 2513 1007 2590 hujus
1016 2527 1123 2574 nostre

60 2604 137 2666 urbis
148 2625 195 2664 res
206 2617 274 2664 octo
284 2621 426 2663 annorum
437 2601 563 2662 millibus
572 2615 659 2681 geste
672 2603 703 2661 in
715 2603 804 2662 sacris
817 2604 908 2664 literis
920 2605 1122 2666 conducatur:
1173 2675 1174 2680 η

59 2695 174 2758 illorum
190 2717 261 2776 ergo
275 2697 397 2765 civium,
410 2695 462 2773 qui
471 2695 500 2754 in
511 2695 569 2754 hoc
582 2714 686 2754 novem
699 2695 822 2754 millium
836 2715 978 2756 annorum
992 2711 1124 2777 tempore

61 2801 124 2849 ante
138 2811 193 2850 nos
209 2791 344 2858 luerunt,
365 2787 495 2848 instituta
510 2802 540 2848 et
558 2787 699 2866 praeclara
715 2787 843 2848 surinma
857 2787 999 2864 breviter,
1018 2793 1125 2864 Solon,

61 2880 87 2937 in
101 2881 255 2960 presentia
270 2880 324 2940 tibi
338 2881 546 2959 perstringam:
562 2879 700 2958 deinceps
714 2898 801 2951 vero,
820 2897 909 2956 quum
926 2880 992 2958 plus
1007 2881 1125 2942 dabitur

61 2973 125 3045 otii,
142 2986 264 3054 accepto
277 2972 463 3032 historiarum
479 2972 555 3032 libro
572 2971 656 3032 latius
670 2990 860 3050 exponemus.
875 2977 920 3032 Ac
933 2973 1060 3052 primum
1079 2975 1124 3034 le-

62 3084 107 3142 ges
129 3067 247 3126 illorum
271 3063 435 3137 considera,
456 3083 517 3143 quo
539 3078 626 3144 pacto
649 3083 714 3124 cum
737 3064 783 3122 his
803 3063 909 3123 nostris
931 3066 1122 3125 conveniant:

63 3156 149 3218 multa
160 3159 238 3218 enim
258 3157 307 3218 hic
329 3155 432 3216 similia
455 3156 513 3216 illis
529 3157 673 3236 reperies:
691 3156 851 3236 principio,
866 3157 945 3234 quod
961 3158 1125 3220 sacerdotes

62 3251 183 3327 ιφιιιιιὶ
198 3249 235 3310 ab
251 3249 331 3308 omni
345 3246 527 3308 ttrrbavitam
540 3263 643 3328 agunt:
658 3247 763 3310 deiude
778 3249 859 3310 varia
872 3247 1008 3328 opificum
1021 3271 1126 3329 genera

62 3340 98 3400 ita
110 3344 187 3404 inter
197 3361 228 3402 se
243 3341 368 3402 discreta
385 3351 465 3413 sunt,
489 3353 522 3400 ut
534 3359 620 3402 suum
632 3342 756 3421 quisque
772 3354 858 3420 agat,
874 3340 1038 3420 promiscue
1053 3364 1124 3404 vero

64 3433 172 3495 nullus:
192 3435 322 3497 similiter
334 3446 500 3512 pastorum,
519 3445 710 3509 venatorum,
740 3435 932 3512 agricolarum
949 3433 1025 3494 iuter
1038 3455 1069 3496 se
1082 3435 1128 3495 di-

64 3526 163 3588 stincta
179 3541 248 3589 suut
262 3546 352 3606 opera
365 3548 372 3584 :
383 3525 488 3586 milites
502 3543 621 3605 quoqne
634 3527 696 3601 hic,
713 3539 746 3586 ut
755 3526 847 3599 nosti,
863 3525 900 3586 ab
916 3526 980 3587 aliis
991 3527 1126 3588 omnibus

66 3621 217 3700 segregati,
234 3619 339 3680 bellica
360 3618 511 3680 dumtaxat
531 3632 655 3680 tractare
674 3621 773 3698 alege
792 3619 953 3698 jubentur:
981 3635 1126 3682 armatura

65 3709 161 3786 etiam,
178 3725 212 3772 ut
233 3713 405 3792 clypeorum
423 3711 647 3790 jaculorumque
662 3731 750 3784 usus,
775 3712 854 3790 apud
874 3726 1012 3792 utrosque
1032 3713 1127 3791 persi-

66 3801 149 3864 milis:
165 3804 211 3864 his
228 3805 315 3885 primi
331 3825 384 3865 nos
397 3806 428 3864 in
442 3804 511 3864 Asia
524 3805 569 3866 usi
585 3825 700 3878 sumus,
723 3817 753 3863 et
768 3809 846 3878 Dea,
865 3819 899 3866 ut
916 3806 972 3864 illis
988 3806 1018 3864 in
1036 3805 1123 3875 locis,

66 3891 104 3951 sic
119 3897 202 3958 vobis
215 3899 315 3978 primis
326 3898 388 3958 haec
403 3897 540 3958 tradidit:
557 3897 719 3977 prudentie
732 3915 850 3976 quoque
864 3912 893 3957 et
906 3895 1053 3958 modestice
1066 3913 1125 3952 ma-

68 3999 132 4059 gna,
146 3991 221 4050 sicut
233 3990 331 4063 vides,
346 3991 452 4050 nostris
473 3988 584 4068 legibus
604 3989 640 4049 ab
658 3989 741 4048 initio
763 4008 832 4048 rura
850 3989 919 4061 fuit3
942 3984 1126 4046 divinationis

26 4164 36 4188 ι
67 4072 179 4158 iusuper
188 4095 218 4141 et
228 4081 380 4142 medicine
391 4103 398 4142 ι
411 4095 441 4141 et
453 4081 559 4144 multas
572 4080 658 4142 nobis
669 4081 795 4160 perhanc
807 4080 945 4142 divinitus
956 4089 1125 4158 procurata:
