2776 4668
472 277 521 346 lN
549 277 813 346 rlnluoxrl.
1104 281 1170 372 [ηπ

94 394 285 460 studiosos.
294 395 450 482 ,Denique
464 393 578 478 efficit,
596 414 788 462 contentum
806 398 873 460 suis
890 397 986 460 rebus
1007 421 1090 482 esse,
1108 421 1176 464 non

96 501 266 564 maximas
282 499 406 582 solum,
420 499 478 564 sed
497 501 593 566 etiam
609 504 800 569 certissimas
814 524 884 567 esse
900 501 1099 592 divitias(1).

148 607 231 670 Haec
250 604 413 670 Paradoxa
429 606 599 672 Schiitzins
620 607 654 672 in
674 609 799 698 Proleg.
822 630 909 690 non,
926 624 964 672 ut
979 610 1176 675 Facciolatus

95 710 147 774 ad
165 712 306 776 Prooern.
328 715 346 791 §
370 735 402 794 1,
424 730 499 801 post
521 715 653 779 Caesaris
676 737 789 780 necem
809 715 925 802 scripta
952 713 1092 799 judicat;
1119 717 1176 781 sed

96 819 266 906 quoniam
283 817 323 882 de
339 821 461 884 Catone
472 866 482 902 ,
495 821 541 884 M.
558 822 632 886 lun.
647 822 755 904 Bruti,
774 819 815 885 ad
835 844 933 909 quem
941 817 1039 886 lrunc
1056 822 1175 887 librum

96 925 251 1012 scripsit,
262 925 433 1007 avunculo,
444 941 607 1014 tamquam
621 925 662 997 de
673 907 785 1010 rivo,§
800 949 819 990 a
836 943 870 992 et
882 926 914 1010 3,
924 925 1076 1008 disserat;
1093 929 1174 992 Cato
1216 997 1220 1013 ‚

96 1045 219 1094 autem
239 1053 350 1095 mense
365 1031 457 1119 aprili
470 1033 546 1096 anni
556 1033 596 1096 U.
615 1055 691 1120 707,
704 1033 806 1098 Uticae
819 1049 959 1097 mortem
973 1032 1033 1096 sibi
1048 1034 1175 1098 consci-

100 1135 346 1215 verit,necesse
356 1157 425 1199 esse
436 1133 534 1215 hujus
548 1135 621 1198 libri
632 1137 826 1225 prooemium
839 1137 995 1225 scriptum
1011 1137 1053 1201 sit
1072 1159 1174 1202 verno

97 1239 206 1319 hujus
223 1239 299 1304 anni
321 1256 478 1328 ternpore.
495 1241 565 1306 Hoc
582 1259 713 1329 tempus¹
727 1241 899 1332 significari
920 1244 1046 1323 etiams
1064 1241 1103 1325 5,
1117 1243 1175 1310 ubi

96 1345 308 1411 lucubratum
324 1346 381 1412 loc
395 1369 530 1434 parvum
546 1347 728 1435 opusculum
754 1347 872 1412 dicitur
892 1347 939 1412 his
949 1351 1023 1436 jam
1047 1363 1175 1414 eontra·

96 1452 254 1516 crebribus
269 1451 425 1535 noctibus,
440 1475 544 1541 quum
556 1453 635 1518 illud
653 1455 812 1535 majorum
834 1454 1014 1544 vigiliarum
1034 1476 1173 1536 munus,

97 1555 197 1646 quod
211 1558 270 1644 (de
286 1559 378 1622 claris
392 1558 591 1646 oratoribus)
608 1559 642 1634 in
658 1559 704 1624 Μ.
721 1559 812 1624 Bruti
827 1561 960 1624 nomine
973 1559 1173 1648 apparuerit,

98 1686 131 1728 a.
151 1662 194 1728 U.
214 1663 279 1750 706
303 1679 448 1728 extremo
474 1662 662 1728 confectum
680 1663 730 1728 sit.
748 1664 818 1728 Nec
836 1679 945 1727 tamen
964 1661 1004 1726 ad
1021 1661 1173 1727 eumdem

98 1790 230 1832 annum
242 1768 280 1832 V.
293 1768 334 1832 D.
346 1783 447 1832 totam
461 1766 702 1832 Paradoxorum
715 1766 954 1831 confectionem
966 1765 1074 1832 refert.
1086 1767 1172 1834 Nam

97 1873 288 1940 secundum
302 1872 415 1938 Parad.
429 1887 462 1937 et
477 1873 618 1960 apertius
631 1872 726 1936 etiam
743 1887 914 1959 quartum,
925 1871 1044 1959 quibus
1056 1871 1170 1942 Cicero

97 1981 137 2044 in
157 1977 312 2044 Clodium
329 1978 516 2058 invehatur,
533 2000 599 2041 nou
613 1999 708 2065 posse
722 1993 854 2041 mortuo
870 1974 1003 2054 Clodio,
1020 1975 1061 2040 de
1076 1977 1169 2058 cujus

97 2087 238 2150 interitu
253 2107 386 2173 prorsus
400 2101 518 2166 taceat,
535 2085 652 2170 scripta
670 2105 757 2165 esse,
773 2081 830 2146 sed
844 2106 883 2146 eo
897 2105 1001 2163 anno,
1018 2082 1053 2144 in
1071 2105 1169 2171 quem

98 2209 180 2284 post
193 2191 336 2259 reditum
354 2192 517 2258 Ciceronis
528 2189 673 2255 incidant
685 2190 730 2254 illi
746 2189 850 2254 Clodii
867 2189 1009 2272 furores,
1025 2213 1108 2276 quos
1122 2189 1169 2254 lu·

99 2301 251 2365 culentsr
268 2297 472 2386 descripserit
486 2297 528 2362 ad
539 2299 605 2362 Art.
621 2297 684 2378 IV,
698 2295 739 2380 35
754 2294 796 2360 ad
814 2296 881 2380 Qu.
899 2299 954 2360 Fr.
971 2297 1018 2377 ll,
1039 2295 1076 2378 3,
1090 2294 1124 2361 h.
1140 2319 1169 2361 e.

98 2405 135 2469 in
149 2427 179 2468 a.
195 2403 236 2468 U.
254 2405 329 2490 697.
347 2403 509 2489 Quintum
521 2424 598 2466 vero
616 2391 727 2468 Parad.
742 2399 832 2494 quod
848 2402 884 2466 L.
900 2400 1091 2481 Lucullum,
1106 2403 1169 2466 for·

98 2529 185 2576 tasse
209 2511 304 2573 etiam
325 2513 343 2589 S
371 2530 420 2594 19,
440 2509 652 2572 Hortensium
671 2497 798 2597 tangat,
821 2529 888 2571 non
909 2504 1082 2595 impedire,
1101 2528 1168 2593 quo

99 2617 211 2682 miuus
223 2638 252 2680 a.
269 2614 309 2680 U.
327 2636 391 2702 707
403 2614 560 2702 seriptum
570 2635 638 2678 esse
651 2628 815 2700 putemus.
827 2612 960 2677 Sextum
974 2608 1086 2674 Parad.
1100 2633 1167 2699 quo

99 2723 168 2790 Cic.
187 2721 233 2786 Μ.
250 2721 400 2785 Crassum
419 2716 550 2783 divitem
566 2719 755 2807 perstringit
771 2718 832 2799 sic,
847 2735 885 2781 ut
898 2707 966 2797 ejus
979 2715 1167 2796 interitum,

100 2829 204 2919 quiin
219 2848 342 2892 annum
357 2825 397 2889 U.
410 2847 473 2912 7⁰⁰
488 2822 618 2905 incidit,
636 2823 717 2887 nihil
735 2836 988 2910 commemoret,
1003 2819 1041 2884 V.
1058 2821 1100 2883 D.
1116 2843 1168 2884 su-

99 2936 243 3027 spicatur
260 2955 291 2997 a.
308 2931 348 2996 U.
367 2928 432 3017 698
450 2930 607 3019 scriptum
631 2951 718 3010 esse,
742 2950 808 3015 quo
825 2949 911 2994 anno
934 2927 1066 2990 Crassus
1089 2947 1165 2990 cum

98 3038 257 3128 Pompeio
279 3033 459 3100 secundum
479 3033 682 3099 consulatum
708 3032 848 3122 gerebat.
867 3031 941 3094 Huc
962 3029 1166 3118 potissimum

98 3145 260 3237 pertinere
275 3141 377 3206 aerarir
368 3139 613 3231 'expilationem
631 3162 700 3228 cap.
721 3161 749 3204 1

143 3254 192 3317 lta
207 3250 267 3314 tria
283 3245 447 3313 Paradoxa
463 3245 621 3310 decennio
634 3246 702 3310 fere
718 3260 793 3309 ante
809 3243 926 3331 scripta
938 3255 1031 3330 putat
1047 3240 1166 3305 Schin-

99 3355 472 3444 nius,quamp1imum,
492 3353 624 3416 tertium
644 3367 676 3416 et
699 3350 852 3442 quintum
870 3370 945 3411 cum
964 3347 1165 3412 Praefatione.

100 3463 139 3528 In
150 3483 228 3550 qua,
240 3477 405 3548 tamquam
422 3455 572 3546 epistola,
582 3455 671 3545 quod
683 3461 700 3537 S
712 3480 729 3520 a
744 3456 811 3520 Cic.
823 3453 918 3518 dicit«
926 3453 1040 3518 Cato...
1053 3452 1165 3533 sentit,

102 3591 172 3659 quse
189 3589 258 3631 non
280 3565 462 3653 probantur
479 3564 512 3627 in
531 3563 665 3651 vulgus,
681 3579 714 3628 et
732 3562 768 3624 in
786 3583 824 3626 ea
840 3577 890 3626 est
910 3559 1059 3640 haeresi-,
1074 3580 1162 3646 seqq.

101 3677 163 3740 hoc
177 3673 231 3738 vix
248 3669 427 3759 quidquam
443 3669 598 3756 relinquit
614 3667 845 3746 dubitationis,
865 3667 944 3754 quin
960 3666 1088 3730 virente
1104 3666 1165 3728 Ca·

102 3799 178 3847 tone
194 3777 312 3868 scripta
325 3777 384 3860 sit,
402 3776 437 3842 h.
454 3790 670 3863 enumquam
688 3773 823 3837 nuntius
839 3771 880 3836 de
899 3772 967 3855 ejus
984 3787 1088 3834 morte
1103 3770 1167 3832 Ro·

135 3914 173 3984 (r)
190 3907 279 3973 Vide,
297 3907 319 3961 ai
336 3908 413 3980 plura
431 3905 509 3972 velis,
524 3905 581 3959 laec
598 3904 693 3960 eadem
710 3915 737 3957 et
757 3903 807 3956 alia
830 3903 979 3958 Stoicorum
996 3898 1131 3956 Paradoxa
1149 3917 1166 3953 e

104 3999 127 4051 J.
138 3994 245 4068 lipsio,
265 3991 293 4045 in
312 4009 360 4044 sua
382 3988 592 4044 Maneduotione
608 3987 642 4045 ad
661 3987 777 4043 Stoicam
796 3986 992 4062 philosophiam
1003 3985 1096 4056 (mant
1115 4002 1165 4038 nos
