2764 4688
66 433 973 460 mmmmm-mmmmm
979 437 1116 458 mmm

304 588 862 698 A'RGUMENTUM

140 806 289 877 LIBRI
314 804 551 882 SECUNDI
574 803 1023 887 ACADEMlCORUM.

56 953 214 1012 Prooemium
229 952 260 1010 in
275 955 309 1011 L.
320 950 435 1021 Luculli
447 949 533 1012 laude
546 963 699 1024 versatur,
719 951 766 1010 eui
784 949 920 1030 adjuncta
931 964 976 1009 est
990 954 1116 1014 auctoris

88 1051 227 1121 defensio,
248 1069 303 1108 eur
314 1049 377 1127 ipse
389 1047 419 1106 iu
431 1047 620 1128 philosophia
631 1047 744 1108 civibus
758 1047 817 1106 suis
829 1045 991 1106 enarranda
1006 1051 1120 1128 potissi·

89 1169 160 1207 nrum
171 1147 299 1206 laboret.
308 1143 460 1204 Laudatur
474 1157 571 1204 autem
585 1145 699 1204 Luculli
711 1144 858 1224 ingenium
871 1157 904 1202 ut
916 1145 1069 1220 eximium,
1087 1160 1118 1205 et

88 1246 179 1305 studio
186 1243 381 1322 doctrinaque
393 1242 448 1302 rite
459 1244 607 1302 excultum
621 1265 628 1300 :
641 1263 745 1322 parum
761 1254 857 1301 tamen
870 1243 901 1301 in
912 1242 1019 1302 lorensi
1029 1264 1118 1324 opera
1198 1298 1204 1306 .

90 1343 253 1421 cognitum,
267 1361 359 1420 quum
373 1361 390 1400 a
404 1341 499 1421 prima
510 1340 578 1400 inde
586 1354 670 1400 aetate
678 1341 771 1400 virtus
781 1341 843 1420 ejus
853 1341 883 1399 in
895 1341 1120 1424 provincialibus

90 1441 144 1499 lere
157 1437 330 1499 muneribus
343 1453 546 1517 occuparetur.
563 1439 691 1498 Maxime
703 1443 799 1498 autem
813 1437 885 1498 illud
897 1439 1033 1499 enituisse
1041 1432 1120 1500 bello
1149 1421 1153 1438 ⁵

90 1537 286 1598 Mithridatico
307 1559 314 1594 :
333 1534 370 1595 ad
387 1537 466 1616 quod
482 1536 640 1618 gerendum
656 1538 776 1610 missus,
792 1537 824 1596 in
836 1537 1025 1616 imperatoria
1041 1551 1118 1613 arte,

88 1656 171 1714 quum
184 1635 299 1714 justum
318 1634 450 1694 nondum
466 1635 628 1695 exercitum
644 1634 788 1710 duxisset,
807 1637 937 1694 omnium
954 1649 1049 1695 temen
1067 1656 1120 1695 ex-

90 1735 295 1812 spectationem
305 1732 408 1792 vicerit
424 1756 431 1790 :
448 1733 556 1812 ingenii
569 1733 646 1792 enim
660 1733 722 1812 ejus
732 1733 793 1792 vim
807 1733 1012 1792 exercitatione
1025 1743 1054 1792 et
1064 1753 1120 1794 usu

91 1831 166 1890 heile
175 1831 315 1903 caruisse.
328 1835 372 1889 lta
385 1829 473 1889 domo
487 1831 654 1909 profectum
663 1831 734 1892 artis
742 1831 936 1910 imperatoriae
948 1851 1030 1910 paene
1039 1831 1121 1909 igna-

93 1947 162 2000 rum,
181 1924 347 1999 audiendo,
374 1926 558 2005 legendoque
576 1926 681 1986 harum
699 1946 798 1986 rerum
817 1927 944 2006 peritos,
970 1940 1122 2006 tantopere

91 2023 265 2102 proiecisse,
286 2033 321 2080 ut
336 2022 483 2101 perlectus
500 2013 662 2102 imperator
674 2023 705 2082 in
719 2023 819 2083 Asiam
831 2023 1005 2102 pervenerit.
1027 2029 1122 2098 Quam

91 2121 187 2179 inrem
202 2119 231 2178 ei
247 2117 423 2197 singularem
438 2119 609 2178 memoriam
628 2139 726 2178 rerum
739 2120 804 2179 usui
819 2119 922 2190 luisse,
938 2121 1060 2180 similem
1079 2122 1122 2197 ei,
1201 2137 1209 2150 ·

92 2235 143 2294 qua
154 2215 366 2276 Themistocles
379 2214 537 2294 polluerit,
558 2235 618 2274 non
632 2217 672 2286 ei,
687 2235 753 2295 quae
770 2216 927 2276 Hortensio
941 2231 1049 2295 praesto
1061 2217 1124 2276 lue-

92 2315 139 2387 n't,
152 2333 218 2392 quae
233 2313 332 2392 potius
343 2312 431 2371 fuerit
445 2311 622 2388 verborum,
636 2319 652 2388 ς
668 2335 698 2387 1,
713 2333 740 2372 a.
758 2319 884 2374 Tantum
899 2327 996 2372 autem
1010 2316 1122 2374 Lucul-

92 2409 188 2468 lumin
203 2410 285 2468 omni
299 2408 386 2468 laude
401 2409 589 2488 imperatoria
605 2409 709 2485 luisse,
733 2423 765 2469 ut
779 2412 842 2490 ipse
857 2409 1043 2471 Mithridates
1057 2431 1124 2471 eum

93 2507 221 2566 omnibus
234 2507 366 2565 omnium
380 2520 545 2585 temporum
560 2507 683 2565 ducibus
701 2507 871 2586 praetulerit.
890 2507 947 2568 Sed
965 2506 1124 2568 dolendum
1224 2505 1228 2512 ⁴

94 2624 163 2676 csse,
176 2606 315 2663 virtutem
323 2603 385 2681 ejus
397 2623 458 2662 non
471 2623 554 2684 aeque
566 2604 597 2662 in
613 2605 696 2678 l'oro,
711 2616 741 2662 et
751 2593 832 2664 curia
842 2617 1017 2684 spectatam,
1032 2626 1123 2684 quum

95 2704 154 2774 rel,
166 2724 202 2764 ex
218 2723 279 2782 quo
294 2703 389 2762 vietor
403 2701 541 2776 redisset,
561 2724 616 2782 per
632 2703 789 2762 triennium
808 2724 824 2762 a
843 2703 992 2763 malevolis
1004 2704 1125 2783 impedi-

96 2815 186 2874 retur,
197 2821 258 2880 quo
270 2800 364 2860 minus
376 2799 495 2859 urbanis
509 2802 582 2880 reip.
596 2801 721 2880 negotiis
730 2800 894 2872 interesset,
909 2799 1057 2880 triumpho
1069 2802 1126 2882 ipsi

13 2927 14 2930 ¹
96 2911 223 2958 recusato
239 2919 246 2954 :
261 2917 355 2976 quem,
362 2897 456 2956 eidem
466 2897 585 2957 demum
600 2913 702 2957 auctor
717 2898 793 2978 ipse,
805 2899 907 2958 consul
919 2941 927 2968 ,
938 2917 1030 2975 quum
1040 2918 1127 2977 expe-

96 2994 195 3066 disset,
209 2995 325 3074 egregia
338 2993 399 3074 ejus
411 3015 501 3074 opera
514 2995 546 3053 in
556 3015 621 3076 rep.
636 2993 827 3076 gubernanda
843 2995 975 3073 adjutum
987 3015 1018 3054 se
1033 3007 1125 3055 testa-

13 3161 14 3168 *
99 3105 156 3162 tur,
166 3099 182 3168 ς
192 3093 220 3152 3.
231 3093 313 3154 Alias
325 3113 396 3152 vero
410 3093 496 3152 etiam
504 3093 606 3153 laudes
619 3095 742 3154 Lucullo
755 3094 858 3168 luisse,
874 3094 975 3173 paucis
986 3093 1125 3171 cognitas,

13 3197 14 3200 ’
97 3189 124 3246 in
134 3191 225 3270 iisque
239 3190 369 3250 studium
384 3209 473 3270 quum
489 3191 639 3250 literarum
654 3191 783 3250 omnium
793 3234 800 3261 ,
812 3205 873 3250 tum
889 3192 976 3250 etiam
991 3189 1124 3270 philoso-

99 3286 182 3363 phiae:
190 3286 271 3366 quod
280 3287 327 3348 vel
335 3287 365 3345 in
372 3287 442 3368 ipsis
450 3287 550 3348 castris
557 3309 618 3348 non
626 3287 792 3367 neglexerit.
804 3293 837 3348 ln
847 3287 948 3368 primis
956 3301 1052 3347 autem
1060 3309 1128 3349 eum

98 3402 124 3441 se
135 3383 170 3442 ad
183 3397 281 3463 partes
291 3383 445 3455 Antiochi,
459 3384 648 3458 Ascalonita,
666 3384 858 3465 applicuisse,
872 3385 983 3466 quippe
998 3405 1086 3463 quem
1098 3400 1127 3446 et

99 3493 231 3558 quaestor,
250 3493 280 3540 et
293 3479 470 3560 imperator,
486 3501 583 3541 secum
601 3480 754 3556 habuerim
771 3494 859 3561 atque
877 3481 918 3540 ita
931 3481 1128 3563 philosophiae

99 3575 179 3655 hujus
197 3577 356 3648 rationem,
379 3579 409 3638 vi
432 3578 481 3637 illa
502 3578 649 3638 memoriae
672 3577 802 3656 adjutus,
828 3579 912 3638 facile
929 3579 1127 3658 perdidicerit.

100 3674 250 3734 lectitasse
268 3675 404 3735 eumdem
420 3677 507 3754 etiam
527 3676 656 3735 studiose
672 3675 780 3750 libros,
799 3675 939 3736 interiore
960 3692 1030 3737 nota
1050 3697 1127 3737 com·

13 3847 14 3850 ¹
101 3770 312 3846 nendabitest
327 3781 355 3842 l·
368 3772 424 3834 Sed
438 3773 533 3832 vereri
548 3793 578 3833 se
594 3771 666 3833 dicit
677 3787 792 3847 auctor,
809 3773 991 3833 trevirorum
1004 3793 1125 3853 magno-

104 3885 160 3925 mm
174 3869 271 3943 laudi,
295 3869 319 3928 si
336 3869 485 3929 literarum
495 3871 526 3929 in
540 3871 576 3929 iis
590 3868 717 3929 studium
729 3869 874 3942 celebret,
896 3874 986 3949 magis
999 3871 1124 3942 officiat,

13 3961 14 4016 l
103 3981 182 4040 quam
195 3967 309 4046 prosit:
328 3981 415 4046 atque
431 3967 472 4028 ita
486 3969 589 4028 transit
603 3966 640 4027 ad
657 3969 777 4028 alteram
789 3967 902 4027 exordii
918 3981 1041 4047 partem.
1057 3971 1127 4026 Esse

13 4107 14 4152 ,
104 4063 174 4122 euim
187 4065 308 4144 triplicis
322 4068 434 4146 generis
448 4065 596 4140 homines,
614 4067 665 4145 qui
679 4067 787 4147 partim
800 4066 919 4125 omnino
935 4083 1042 4144 graecas
1057 4061 1124 4120 lite-

47 4143 53 4162 '
106 4176 146 4217 ras
170 4173 371 4238 contemnant3
400 4162 505 4243 partim
525 4163 645 4222 seorsim
669 4163 884 4244 philosophiam
905 4179 963 4218 non
983 4157 1126 4238 probent;
