2776 4668
460 363 510 433 ur
541 364 799 434 rensuum.
1086 365 1156 460 473

89 491 164 572 quaa
187 482 509 573 perstringendorum
525 485 751 550 sceleratorum
767 483 900 547 nomina
916 486 1013 548 taceri
1028 485 1094 550 sive
1102 486 1158 566 ju·

88 589 203 672 beret,
219 589 285 652 sire
300 588 488 677 pateretur?
505 588 539 652 Si
556 610 650 670 vero,
667 589 821 677 quoniam
838 589 872 653 in
890 588 1062 654 Paradoxis
1078 614 1158 656 con-

88 694 271 760 scribendis
294 694 496 776 versabatur,
514 717 702 784 expromere
720 694 996 784 indignationem,
1012 695 1160 776 injurias·

88 823 195 889 quea
218 798 334 863 Clodio
355 801 534 888 crassoque
557 822 662 888 nuper
686 816 831 889 acceptas
852 798 1015 864 vindicare
1036 802 1157 884 voluit3

86 904 292 996 probabilius
305 927 381 969 sane
392 906 493 982 foret,
503 904 618 970 eodem
630 907 697 969 lere
708 921 854 994 tempore
863 905 985 994 reliqua
994 905 1159 972 Paradoxa

87 1033 162 1076 esse
181 1011 328 1075 catalecta
344 1033 352 1074 :
368 1010 457 1100 quod
479 1033 521 1075 ne
542 999 730 1094 credamus,
744 1012 852 1102 ipsum
872 1012 1111 1102 prooemium,§
1126 1011 1157 1097 5,

85 1117 255 1206 prohibet.
274 1117 330 1181 Sin
349 1114 462 1182 decem
480 1116 614 1182 demum
626 1117 800 1198 interjectis
814 1118 907 1182 annis
923 1117 987 1182 hoc
1003 1135 1068 1182 tarn
1083 1142 1158 1207 par-

84 1245 169 1286 vum
189 1223 384 1310 opusculum
402 1223 524 1287 absolvi
542 1224 667 1312 potuit,
686 1223 815 1288 cuinam
838 1225 1051 1312 persuaseris,
1065 1226 1157 1288 Cice·

84 1353 206 1394 ronem
222 1329 302 1395 illud
320 1330 485 1395 dicturum
502 1331 602 1395 suisse
612 1361 625 1387 ι
639 1332 845 1397 lucubratum
872 1332 921 1396 his
946 1333 1012 1411 jam
1028 1347 1158 1396 contra·

84 1436 404 1502 ctioribusnoctibus
412 1438 438 1502 l»
445 1439 489 1501 At
499 1437 580 1502 nihil
587 1436 667 1503 dixit
674 1436 715 1503 dc
725 1436 829 1503 Clodii
837 1438 1006 1525 Crassique
1014 1437 1157 1503 interitu!

84 1543 140 1608 Ne
155 1539 292 1608 decebat
305 1541 457 1632 quidem,
474 1543 508 1607 in
527 1566 609 1631 quos
627 1559 794 1631 tamquam
811 1543 846 1606 in
861 1543 952 1608 rivos
968 1559 1157 1632 praesentes·

83 1671 154 1736 que
179 1647 407 1732 invehebatur,
426 1649 617 1714 eorumdem
641 1650 774 1714 interitu
794 1648 974 1738 enarrando
999 1649 1157 1739 illusionis

82 1753 153 1818 vim
171 1753 300 1837 tollere,
310 1756 484 1844 praesertim
498 1778 600 1843 quum
612 1778 651 1819 ex
669 1757 731 1820 isto
741 1756 832 1820 fonte
846 1755 887 1821 ad
901 1757 1022 1836 justam
1036 1755 1158 1820 facino·

83 1883 162 1924 rum
177 1861 419 1950 castigationem
428 1885 471 1925 ne
480 1884 563 1950 opus
576 1859 709 1950 quidem
719 1879 802 1926 esset
814 1878 1004 1951 argumenta
1015 1861 1155 1925 haurire.

83 1965 118 2029 ls
129 1965 289 2052 vero,qui
297 1987 484 2029 sermonum
498 1987 633 2030 suorum
646 1989 704 2030 seu
717 1965 759 2031 de
768 1965 981 2055 philosophiae
992 1965 1155 2054 partibus,

82 2068 199 2136 sende
214 2087 281 2136 arte
297 2066 433 2135 dicendi
444 2070 692 2136 scribendorum
710 2093 802 2136 suam
817 2071 975 2159 cujusque
991 2093 1119 2136 scenam
1137 2094 1156 2134 e

82 2177 256 2265 superiore
265 2199 349 2265 saepe
356 2192 447 2241 aetate
455 2177 637 2259 transtulit,
647 2176 815 2266 voluitque
827 2177 1065 2264 praeteritorum
1078 2193 1156 2242 tem·

81 2305 222 2372 porum,
229 2285 476 2373 patrumquesic
484 2285 625 2348 recolere
637 2283 844 2367 memoriam,
857 2299 894 2348 ut
904 2283 995 2372 quasi
1007 2285 1042 2347 in
1053 2265 1153 2348 vitam

79 2389 227 2454 revocati
246 2389 445 2473 riderentur5
459 2389 574 2479 quidni
594 2391 626 2454 in
651 2391 715 2456 hoc
736 2391 891 2456 orationis
906 2413 1154 2480 genere,quun1

82 2516 154 2559 non
167 2495 254 2559 lente
266 2512 299 2560 et
307 2495 417 2577 jejune
429 2493 469 2559 de
482 2496 668 2560 Stoicorum
680 2495 853 2561 Paradoxis
869 2495 1032 2584 disputare
1038 2497 1151 2578 vellet,

80 2598 143 2665 sed
163 2601 314 2689 exemplis
328 2599 413 2664 dicta
428 2601 602 2683 illustrare,
616 2600 686 2666 haec
700 2602 792 2666 abiis
811 2603 994 2691 repetierit,
1009 2623 1152 2689 quorum

79 2705 201 2798 flagitia
213 2709 293 2782 satis,
306 2724 518 2800 cognoverat,
532 2726 748 2799 expertusque
762 2709 848 2775 erat?
861 2711 902 2774 Et
916 2709 1070 2798 qnoniam
1081 2730 1151 2772 non

78 2812 339 2878 adversariorum
356 2815 488 2880 nomina
506 2815 684 2880 accusanda
703 2832 814 2898 erant,
830 2813 887 2880 sed
905 2836 1012 2880 mores
1028 2813 1151 2901 impro-

77 2919 203 2984 borum
219 2918 410 3009 castigandi,
422 2918 737 3009 demonstrandaque
749 2920 979 2986 sceleratorum
994 2918 1129 2983 stultitia
1138 2939 1157 3002 ,·

76 3041 181 3114 atque
203 3027 406 3114 perversitas3
430 3027 653 3093 vehementius
674 3024 806 3116 quidem
831 3027 915 3106 istosl
930 3024 1147 3108 facinorosos,

77 3147 250 3218 tamquam
273 3131 300 3195 si
320 3147 511 3218 presentem
534 3132 686 3196 laceraret
707 3129 873 3212 Clodium,
893 3129 1069 3218 ignominia
1095 3153 1147 3208 ea,

78 3260 181 3328 quam
193 3237 339 3326 impietas
353 3262 496 3322 summa,
511 3255 542 3303 et
553 3237 685 3304 audacia
697 3237 894 3327 postulabat,
909 3235 1031 3319 affecit,
1045 3236 1148 3326 ipsos·

77 3367 146 3434 que
163 3343 349 3433 alloquutus
367 3361 416 3410 est
435 3346 547 3427 sic,ut
564 3367 630 3410 non
648 3362 758 3434 posset
775 3343 844 3408 sine
861 3365 977 3432 magna
993 3345 1146 3433 temporis

76 3450 285 3540 neglectiore
305 3450 347 3515 de
366 3450 556 3515 eorumdem
581 3451 715 3516 interitu
737 3450 908 3532 disserere,
930 3471 991 3513 nec
1013 3452 1147 3516 nomina

75 3579 195 3620 eorum
213 3556 347 3623 afferre:
366 3580 438 3646 qnae
459 3556 484 3620 si
514 3555 716 3645 legerentur,
734 3553 946 3636 iracundum,
966 3571 1146 3620 exestuan-

75 3678 162 3742 tem,
183 3662 281 3749 pleno
308 3684 364 3727 ore
386 3662 529 3726 convicia
550 3677 753 3726 evomentem
774 3659 887 3725 audire
910 3659 1005 3725 nohis
1023 3659 1147 3726 videre·

75 3789 156 3831 mur
172 3783 409 3850 accusatorem,
428 3790 495 3832 non
510 3767 703 3831 severiorem
722 3789 850 3831 morum
868 3789 1037 3832 censorem
1056 3789 1145 3832 reve·

75 3890 266 3938 reremuret
276 3873 519 3962 philosophum.
531 3870 801 3962 Fugiendaetiam
814 3890 881 3939 erat
892 3871 1026 3953 invidia,
1040 3894 1144 3961 quum

75 3981 124 4046 ira
141 3994 175 4044 et
192 3977 302 4042 studio
318 3977 469 4043 incensus
490 3978 649 4067 impetum
667 3979 786 4044 laceret
803 3981 837 4044 in
855 3981 1004 4059 umbras,
1023 3998 1145 4066 eosque

75 4099 259 4164 accusaret,
278 4082 382 4170 quise
398 4106 464 4148 non
479 4100 611 4171 possent
624 4083 806 4152 defendere.
822 4087 871 4152 Ne
889 4087 962 4172 quis
980 4083 1077 4172 igitur
1088 4083 1144 4147 Ci-
