2764 4688
259 365 330 449 214
605 363 982 432 ARGUMENTUM.

296 483 445 558 debuisse;
460 469 565 570 ate‘um
575 503 625 542 eos
636 483 731 543 dicere
745 503 865 562 prorsus
881 483 988 542 similes
999 479 1046 560 (in
1061 491 1141 540 textu
1151 498 1209 536 uon
1222 498 1318 538 neces-

294 583 372 642 sario
385 578 538 640 delendum
551 594 612 640 est:
627 581 707 658 quod
718 581 904 658 negleximus.
917 585 974 638 Eos
983 578 1107 658 pertinet
1120 576 1209 636 etiam
1221 574 1260 634 ad
1268 596 1319 632 ocu

296 693 325 739 et
339 685 440 756 apes),
459 678 538 757 quod
553 679 616 739 fieri
626 680 711 756 plane
727 691 859 757 nequeat„
870 679 1026 756 Applicare
1042 674 1146 733 deinde
1156 693 1188 732 se
1201 692 1269 732 eum
1283 673 1319 730 ad

295 776 430 856 physicos
452 775 543 854 (quos
556 775 588 834 hi
609 775 772 836 Academici
792 775 900 853 ubique
921 771 1099 853 exagitent),
1123 783 1152 830 et
1170 770 1321 848 postulare

295 862 331 932 e'x
355 872 515 932 Democriti
535 872 709 932 mundorum
727 871 981 932 innumerabilium
996 870 1134 949 paritate,
1161 868 1245 928 utin
1266 867 1321 924 hoc

294 970 381 1040 etiarn
389 969 499 1028 mundo
508 972 680 1049 reperiatur,
693 969 772 1048 qnod
785 970 868 1028 alteri
878 969 964 1046 plene
971 988 1024 1046 par
1031 967 1067 1026 sit
1077 988 1084 1024 :
1096 964 1147 1023 sed
1159 964 1282 1042 rejicere
1290 983 1321 1020 se

293 1066 368 1126 banc
381 1068 540 1127 Democriti
548 1067 731 1140 sententiam,
747 1065 947 1126 subtilioribus
955 1063 1096 1144 physicis,
1112 1081 1252 1121 esserere
1266 1061 1323 1137 sin·

292 1163 367 1240 gulis
380 1161 465 1225 rebus
477 1164 626 1242 propriam
638 1183 720 1224 suam
734 1177 882 1235 naturam,
899 1163 975 1222 clare
985 1159 1166 1218 docentibus.
1182 1157 1323 1216 Geminos

293 1275 407 1335 autem,
425 1276 454 1320 et
467 1281 542 1333 ova,
559 1276 618 1320 arte
632 1261 757 1340 quadam
774 1261 903 1320 adhibita
916 1303 924 1330 ,
939 1275 968 1320 et
981 1279 1051 1329 usn,
1071 1255 1230 1318 internosci
1246 1267 1324 1314 rectc

208 1389 214 1400 ι
293 1377 387 1437 posse„
404 1361 473 1416 Esse
486 1359 605 1416 omnino
616 1361 761 1436 regulam,
778 1379 794 1416 a
808 1379 866 1436 qua
878 1359 901 1416 si
912 1358 959 1414 vel
976 1355 1118 1415 tantulum
1132 1352 1323 1422 discedatur,

293 1453 407 1512 misceri
428 1454 525 1511 omnia
545 1475 552 1510 :
571 1473 605 1512 ea
624 1455 685 1512 visa
704 1453 734 1511 in
748 1454 823 1512 veris
841 1451 994 1530 ponenda,
1021 1471 1085 1530 quae
1106 1450 1177 1508 salso
1192 1469 1255 1508 esse
1269 1467 1325 1506 ne-

293 1563 415 1627 queant,
431 1549 553 1623 set-58,
566 1550 601 1610 Id
611 1566 711 1612 contra
725 1550 898 1623 absurdum,
909 1571 998 1629 quum
1009 1550 1057 1607 isti
1070 1549 1132 1608 haec
1146 1567 1196 1616 se,
1211 1559 1245 1604 nt
1255 1567 1326 1624 pro·

288 1644 412 1718 bubilia,
425 1646 507 1723 sequi
521 1647 635 1721 dicant,
646 1649 675 1706 in
687 1647 793 1724 quibus
803 1647 945 1725 judicium
957 1649 1085 1734 ipsorum
1096 1645 1170 1702 nihil
1182 1643 1325 1723 impedia-

293 1755 357 1802 tur:
373 1763 462 1820 quum
472 1743 501 1802 id
509 1758 618 1822 pugnet
631 1765 697 1805 cnm
710 1763 756 1816 eo,
768 1743 848 1822 quod
856 1745 953 1802 salsae
967 1744 1042 1802 reris
1052 1742 1125 1800 nihil
1137 1741 1259 1800 differre
1270 1755 1328 1798 sta·

292 1852 396 1908 tuant,
419 1861 473 1898 nec
493 1843 611 1900 omnino
636 1842 784 1902 criterium
806 1842 841 1898 iis
861 1861 923 1900 esse
943 1840 1043 1918 possit.
1064 1838 1137 1897 Inde
1161 1837 1327 1898 necessario

291 1949 381 2016 ἐποχὴν
396 1939 475 1998 illam
490 1941 585 1998 enasci
599 1939 742 2000 debuisse.
764 1939 821 2002 Sed
840 1941 868 1998 in
888 1959 922 2000 ea
936 1939 1025 2016 magis
1043 1937 1100 1997 sibi
1116 1949 1254 1996 constare
1271 1942 1328 1995 Ar·

291 2033 418 2108 ceulam,
433 2055 520 2113 quam
533 2036 725 2110 Carneadem,
742 2037 794 2114 qui
813 2036 858 2095 vel
875 2035 1072 2113 opinationem
1085 2054 1103 2092 a
1118 2035 1255 2113 sapiente
1267 2054 1326 2093 nou

291 2131 412 2190 alienam
427 2132 560 2205 duxerit,
576 2141 591 2206 S
606 2135 652 2210 59.
665 2135 796 2212 Denique
812 2135 989 2211 exagitatur,
1003 2130 1083 2210 quod
1097 2131 1140 2190 illi
1156 2131 1259 2190 dicent
1273 2151 1327 2210 pro

285 2227 419 2292 omnibus
435 2229 493 2288 dici
509 2243 644 2308 oportere
656 2229 744 2308 idque
758 2232 819 2288 veri
834 2229 998 2308 reperiendi
1010 2247 1112 2300 rausa,
1126 2233 1142 2300 S
1156 2229 1207 2286 60.

332 2327 471 2384 (lausaim
480 2328 625 2406 exposita,
641 2342 776 2386 monetur
789 2329 908 2400 Cicero,
923 2347 977 2396 ne,
991 2346 1082 2404 quum
1092 2340 1251 2403 tantopere
1261 2326 1328 2404 phi-

290 2421 452 2499 losophiam
471 2422 608 2500 singulari
625 2421 701 2482 libro
715 2423 857 2494 laudarit,
880 2423 965 2480 talem
982 2423 1045 2499 ipse
1066 2421 1150 2498 sequi
1167 2420 1328 2490 videatur,

288 2535 355 2593 qnae
369 2512 492 2594 pessima
507 2519 544 2578 sit
560 2542 566 2576 :
586 2533 615 2578 et
631 2540 694 2579 eam
708 2521 845 2589 maxime,
862 2539 949 2598 quam
963 2520 1045 2596 ipse,
1060 2518 1111 2596 qui
1121 2518 1261 2595 juratus,
1284 2539 1328 2576 res

292 2613 497 2672 occultissimas
508 2618 681 2695 comperisse
696 2639 739 2686 se,
753 2618 872 2689 dixerit,
888 2615 1044 2676 defendere
1059 2616 1192 2674 omnium
1207 2616 1328 2674 minime
1372 2671 1373 2676 ,

292 2708 415 2784 debeat,
430 2712 485 2770 nisi
498 2713 582 2770 atteri
596 2733 693 2772 rerum
708 2715 846 2792 praeclare
859 2725 1004 2792 gestarum
1018 2713 1222 2770 auctoritatem
1239 2713 1328 2780 velit,

290 2813 307 2878 ς
322 2807 377 2879 61,
402 2809 449 2864 62.
466 2812 541 2866 Tum
557 2811 747 2881 Hortensius,
778 2811 882 2870 eximie
901 2810 1058 2870 admiratus
1071 2809 1146 2868 hunc
1162 2809 1284 2868 Luculli
1298 2811 1328 2866 in

292 2903 462 2962 disserendo
476 2905 681 2980 subtilitatem,
697 2908 809 2968 hortari
822 2929 903 2986 aeque
916 2909 1086 2968 Ciceronem
1101 2905 1327 2964 adsentantiam

295 2998 462 3058 mutandam
474 3043 480 3056 .
493 3002 611 3062 Catulus
626 3015 722 3062 autem
737 3004 816 3062 hunc
829 3005 859 3062 in
873 3002 974 3064 eadem
988 3003 1077 3080 magis
1090 3003 1286 3074 confirmare,
1301 3017 1329 3061 et

293 3097 330 3158 ad
345 3098 601 3160 contradicendum
622 3104 757 3162 excitare.
781 3107 826 3161 Ita
842 3105 929 3181 ipse,
951 3113 1113 3160 commotus
1133 3119 1219 3177 aeque
1241 3114 1331 3179 atque

291 3194 322 3253 in
350 3198 443 3256 causis
453 3195 631 3274 judiciorum
648 3198 831 3277 grauioribus
847 3198 972 3271 solebat,
995 3197 1192 3256 defensionem
1212 3197 1329 3274 ingres-

294 3311 343 3350 sns
354 3306 413 3367 est,
430 3295 504 3366 563.

332 3391 501 3450 Orationem
520 3392 634 3452 Luculli
658 3391 823 3470 sequidem
839 3390 1167 3470 probare3sictamen,
1184 3403 1219 3448 ut
1236 3391 1266 3448 ei
1284 3411 1330 3450 re-

293 3484 430 3561 sponderi
453 3507 537 3566 posse
557 3501 641 3567 putet
664 3511 672 3546 ε
692 3488 743 3548 sed
757 3489 921 3548 auctoritati
939 3488 1070 3546 maximae
1084 3487 1146 3564 ejus
1162 3485 1328 3546 cedendum

293 3567 354 3638 esse
367 3582 562 3658 existimasse,
578 3586 633 3645 nisi
647 3586 711 3665 pari
728 3605 781 3646 sua
796 3587 915 3646 Catulus
931 3585 1147 3644 intercessisset.
1160 3591 1327 3662 Aggressu-

292 3695 356 3736 rum
375 3679 464 3755 igitur
477 3701 507 3739 se
523 3702 585 3742 rem
597 3727 605 3756 ,
619 3703 655 3742 ex
668 3703 727 3761 quo
744 3703 838 3761 pauca
851 3684 881 3742 in
897 3682 942 3742 sui
957 3681 1156 3742 defensionem
1174 3683 1328 3760 praemise-

291 3771 343 3841 rit,
369 3773 445 3846 564.
465 3779 626 3838 Contulisse
645 3781 741 3858 ipsum
761 3799 823 3841 sese
838 3799 893 3838 nec
912 3777 1089 3850 ostentandi,
1118 3797 1174 3834 nec
1193 3777 1326 3838 certandi

253 3862 257 3871 '
291 3869 388 3930 studio
403 3869 440 3930 ad
454 3874 642 3935 recentiorem
657 3876 859 3948 Academiam,
882 3895 936 3934 nec
950 3875 1019 3934 inde
1033 3872 1164 3934 stultitiae
1179 3892 1325 3934 accusan-

291 3965 374 4040 dum,
390 3988 444 4028 nec
459 3983 598 4030 moreest
613 3971 759 4049 ingenium
772 3971 802 4032 in
822 3971 962 4034 invidiam
974 3969 1123 4030 vocandos
1141 3989 1225 4043 esse,
1241 3970 1326 4048 quasi

293 4064 376 4124 aliter
393 4066 518 4137 diceret,
534 4078 620 4143 atque
634 4069 766 4128 sentiret:
775 4067 854 4144 qrrod
870 4067 951 4145 gravi
965 4065 1098 4127 oratione
1111 4087 1128 4125 a
1139 4087 1170 4128 se
1184 4081 1325 4140 remorer,
