2762 4682
250 415 317 495 114
587 409 970 480 ARGUMENTUM.

283 531 359 612 pliiae
372 549 458 590 causa
472 548 592 609 operam
605 549 732 590 navasse.
748 528 837 608 Cujus
851 530 991 604 rationem
1006 535 1114 600 Varro,
1133 531 1236 592 eodem
1249 540 1314 594 An-

284 627 382 688 tiocho
395 639 530 700 auctore,
544 627 585 685 sic
599 626 728 705 exponit.

323 731 469 786 Zenonem
482 723 511 782 in
522 725 629 782 uirtute
638 722 768 802 posuisse
781 723 895 796 omnia,
908 724 1019 804 quippe
1029 723 1126 802 inqua
1137 744 1195 784 una
1204 738 1235 784 et
1244 729 1310 786 sola

282 839 425 880 summum
437 819 546 878 bonum
560 831 713 894 statueret,
724 818 895 897 honestique
907 820 937 878 id
947 820 1064 879 nomine
1073 821 1249 899 appellaret,
1259 824 1309 882 35.

281 924 384 996 Neque
405 929 511 996 praeter
532 917 626 995 ipsam
642 915 753 976 bonum
773 916 931 994 quidquam
958 937 1036 990 asse,
1061 935 1155 997 neqm
1181 919 1308 979 malum:

213 1078 217 1084 ¹
276 1015 419 1094 'distingui
432 1027 527 1072 tamen
542 1013 653 1090 reliqua
668 1011 725 1080 sic,
746 1025 779 1070 ut
792 1013 1067 1098 partim-secundnm
1084 1027 1219 1072 naturam
1232 1016 1305 1088 sint,

279 1112 385 1192 partim
398 1123 509 1182 contra,
530 1107 635 1186 partim
650 1107 695 1167 liis
710 1108 875 1186 interjecta,
896 1111 993 1166 medela
1006 1108 1147 1170 dicantur.
1169 1113 1225 1172 llla
1239 1129 1308 1172 cnm

279 1211 375 1290 aliqua
385 1209 572 1268 estimatione
580 1211 716 1266 rurnmda
723 1229 735 1277 ,-
749 1207 802 1266 ista
812 1209 958 1266 contraria
972 1209 1099 1283 ratione;
1113 1209 1185 1280 lucc,
1196 1215 1308 1284 media,

278 1308 359 1368 omni
371 1319 518 1364 momento
532 1323 649 1377 carere,
675 1303 732 1376 35,
751 1305 797 1362 36.
823 1307 1028 1364 Sumendorum
1047 1307 1106 1365 alia
1118 1307 1211 1385 pluris
1226 1327 1310 1381 esse,

280 1404 336 1462 alia
360 1402 480 1461 minoris
501 1399 683 1472 aestimanda;
703 1399 810 1477 illaque
821 1404 1005 1478 prcepoeito,
1029 1401 1092 1461 llaec
1105 1404 1213 1475 rejecta
1236 1404 1307 1463 dici.

278 1503 359 1567 inter
374 1510 452 1556 recte
467 1497 573 1554 factum
588 1509 701 1565 autem,
713 1495 794 1574 quod
807 1497 901 1556 solum
915 1497 947 1556 in
961 1496 1046 1558 bonis
1061 1499 1227 1558 actionibus
1245 1521 1310 1578 per-

276 1609 376 1665 natur,
390 1609 419 1654 et
434 1607 599 1674 peccatum,
617 1593 697 1672 quod
714 1594 782 1652 item
802 1595 896 1654 solum
909 1595 940 1655 in
952 1596 1055 1667 malis,
1071 1597 1197 1656 medium
1211 1599 1307 1657 inter-

275 1693 346 1773 poni
359 1691 502 1764 officium,
520 1703 550 1750 et
562 1690 642 1768 quod
658 1703 760 1748 contra
772 1689 828 1748 boc
843 1691 898 1763 sit,
912 1693 959 1764 37.
975 1691 1120 1751 Virtutem
1133 1707 1231 1752 antem
1244 1713 1306 1754 non

274 1790 336 1850 a'sse
351 1789 436 1850 simul
448 1803 559 1848 naturae
573 1800 602 1846 et
614 1787 720 1860 moris,
737 1786 788 1845 sed
805 1787 925 1846 rationis
937 1787 1040 1858 solium
1057 1809 1151 1867 neque
1165 1809 1229 1849 eam
1243 1793 1306 1851 ullo

275 1887 364 1946 modo
376 1884 530 1970 generibus
542 1884 679 1962 distingui
692 1883 814 1957 debere;
828 1905 881 1943 nec
893 1885 922 1942 in
935 1905 1006 1959 usu,
1018 1885 1111 1945 sedin
1124 1887 1189 1964 ipso
1200 1887 1307 1948 habitu

273 1983 412 2062 praeclaro
431 1983 612 2040 consistere:
634 2001 728 2060 neque
751 1981 877 2061 denique
897 1983 975 2062 apud
998 2002 1173 2061 quemquam
1195 1983 1305 2064 depre-

272 2079 372 2152 hendi,
380 2079 436 2138 nisi
446 2079 496 2156 qui
509 2099 540 2137 se
550 2091 643 2137 totum
654 2079 680 2136 ei
692 2079 721 2137 iu
735 2098 820 2138 omne
830 2094 943 2159 tempus
954 2079 1114 2142 tradiderit.
1123 2083 1200 2142 Tolli
1212 2103 1306 2160 porro

273 2195 373 2235 omnes
382 2174 469 2234 animi
476 2175 719 2254 perturbationes,
726 2177 849 2254 sapienti
858 2175 1027 2236 morborum
1037 2177 1128 2237 instar
1137 2179 1303 2256 fugiendas,

271 2274 381 2352 quippe
395 2293 462 2350 qum
474 2291 533 2331 non
548 2273 710 2345 naturales,
721 2273 772 2332 sed
785 2275 971 2348 voluntarie,
985 2287 1015 2336 et
1029 2294 1083 2354 per
1096 2295 1216 2354 pravam
1233 2278 1304 2356 opi-

271 2372 405 2442 nionem,
420 2371 643 2450 intemperantia
653 2371 743 2430 veluti
755 2385 863 2444 matre,
879 2387 1044 2446 nascantur,
1059 2373 1111 2443 38,
1123 2375 1170 2451 39.

311 2467 359 2528 sie
368 2471 515 2528 Zenonem
528 2467 565 2526 de
580 2467 710 2528 moribus
722 2470 852 2528 sensisse.
868 2474 903 2528 ln
916 2469 1057 2545 Physicis,
1070 2482 1198 2546 quatuor
1211 2470 1306 2530 modo

270 2565 418 2626 elementis
439 2564 583 2636 admissis,
610 2566 776 2644 rejectoque
799 2566 851 2626 illo
880 2566 1045 2626 Aristotelis
1067 2567 1186 2644 quinto,
1205 2566 1305 2646 ignem

268 2683 343 2736 esse,
356 2662 408 2742 qui
417 2661 514 2721 omnia
527 2661 691 2720 contineret
701 2674 732 2720 et
740 2663 883 2741 gigneren
896 2676 1022 2721 mentem
1033 2663 1135 2735 etiam,
1148 2675 1178 2721 et
1188 2683 1303 2724 sensus.

269 2763 363 2820 Omne
381 2759 503 2830 deinde,
518 2758 598 2836 quod
614 2758 685 2836 quid
699 2771 751 2816 aut
772 2759 913 2830 efficeret,
936 2771 986 2816 aut
999 2757 1172 2833 efficeretur,
1192 2779 1305 2840 corpus

270 2875 331 2916 esse
341 2855 466 2927 debere,
479 2863 526 2924 to.
536 2859 571 2914 ln
582 2855 739 2914 dialecticis
749 2856 875 2933 denique
885 2854 1020 2914 eumdem
1031 2869 1156 2914 mutasse
1164 2857 1305 2936 plurima,

269 2954 299 3013 in
308 2953 409 3032 primis
417 2953 448 3010 in
462 2951 593 3012 sensibus
602 2975 608 3009 :
617 2952 686 3031 pelli
695 2953 930 3014 eoseatrinsecns
941 2957 1010 3019 visis
1019 2959 1181 3040 (φαντασίᾳ),
1191 2960 1303 3038 quibus

266 3049 391 3130 acceptis
404 3049 501 3110 animo
512 3050 578 3129 pari
592 3052 788 3108 assensionem
808 3049 818 3130 (
826 3053 1040 3134 emnerdtteuk
1060 3075 1127 3134 qute
1140 3058 1171 3114 in
1193 3069 1300 3116 nostra

266 3151 303 3208 sit
315 3161 455 3227 potestate
465 3149 672 3225 voluntateque
687 3148 791 3226 posita.
805 3151 908 3226 Neque
923 3163 1017 3210 tamen
1029 3153 1092 3212 visa
1104 3153 1201 3213 omnia
1210 3153 1302 3212 fldem

268 3245 389 3316 mereri,
407 3243 456 3304 sed
470 3265 504 3304 ea
515 3242 619 3315 modo,
639 3263 704 3321 quae
717 3245 794 3302 clare
812 3264 860 3303 eas
876 3267 922 3304 res
940 3247 1082 3308 referrent
1094 3249 1302 3330 (repraesenta-

268 3341 452 3418 rent),quae
475 3339 606 3400 sensibus
629 3339 828 3399 offerrentur:
848 3343 904 3401 tale
928 3344 1021 3404 visum
1046 3347 1303 3424 comprehensibile

267 3437 468 3516 (καταληπτὸν)
494 3457 556 3496 esse
582 3458 588 3494 :
619 3435 755 3514 idemque
788 3439 983 3517 approbatum
1009 3445 1298 3520 comprehensionem

268 3533 279 3613 l
287 3533 440 3612 termetis)
464 3533 537 3606 dici,
551 3534 661 3612 quippe
676 3533 756 3610 quod
770 3535 862 3594 simile
877 3551 950 3600 esset
969 3539 1020 3613 iis,
1040 3560 1106 3618 ques
1125 3561 1213 3600 manu
1221 3563 1297 3620 pre-

266 3633 458 3704 henderentqr.
470 3630 506 3689 Id
517 3631 612 3711 ipsum
626 3643 741 3707 autem,
756 3633 835 3710 qood
850 3655 936 3694 sensu
950 3639 1191 3716 comprehensum
1205 3653 1299 3714 esset,

264 3747 361 3786 sensns
372 3725 530 3808 (αἰσθήσεως)
541 3748 659 3808 quoque
674 3749 759 3807 voce,
772 3733 910 3811 quodque
921 3735 1081 3795 certissima
1093 3739 1208 3796 ratione
1219 3757 1299 3796 com-

263 3825 439 3905 prehensum
449 3837 537 3898 esset,
555 3846 589 3884 ea
605 3828 746 3896 remittite,
759 3828 784 3886 si
798 3849 896 3902 secus,
912 3849 946 3889 en
962 3834 1140 3906 nescientia,
1159 3834 1296 3913 exprimi.

265 3929 310 3984 Ex
325 3921 474 3982 inscientia
488 3921 568 3980 nasci
582 3925 764 3998 opinionem,
784 3923 804 3983 i.
825 3945 850 3984 e.
875 3925 1049 3987 imbecillem
1076 3923 1119 3988 r'ei
1138 3931 1296 4000 notitiam,

259 4033 348 4106 utque
369 4015 438 4076 inde
459 4037 525 4078 cum
546 4017 619 4076 falso
640 4038 838 4094 communem,
855 4030 903 4091 tr.
924 4027 1005 4082 luter
1027 4025 1103 4084 lianc
1125 4039 1243 4100 nutem,
1265 4042 1296 4088 et

260 4117 427 4192 sqientiam,
447 4114 729 4192 comprehensionem
743 4135 823 4192 esse3
838 4117 906 4178 buic
916 4123 1087 4180 eredendum
1097 4141 1179 4196 esse,
1199 4141 1290 4202 quum
