2756 4692
258 481 375 538 demum
394 495 583 556 quncnrntpre
598 478 634 537 ad
650 479 711 540 haec
726 484 850 541 attinent
867 483 1043 562 disciplina,
1066 482 1224 561 diligenter
1244 486 1327 544 insti-
1374 483 1375 544 i

258 585 325 631 tutae
335 592 352 629 a
364 573 426 649 lege
441 570 635 648 reperiuntur.
652 575 825 652 Hnjnsmodi
839 575 1019 635 institutione
1032 589 1064 634 et
1075 576 1181 636 ordine
1196 579 1326 656 priorem
1374 573 1375 576 ’

260 677 382 724 vestram
400 663 503 722 urbem
516 668 578 722 Dea
594 683 612 722 a
629 665 796 743 primordiis
816 669 986 738 exornavit,
1006 687 1098 746 quum
1113 669 1146 728 in
1161 669 1239 729 urbe
1254 691 1327 730 oon·
1374 703 1375 712 κ

259 756 354 816 denda
367 775 430 815 earn
450 745 598 835 regionem
619 757 764 836 elegisset,
780 779 845 839 quae
863 760 903 819 ob
920 761 993 820 aeris
1012 762 1181 840 temperiem
1199 763 1327 842 pruden-

258 851 366 908 tissima
382 849 497 926 ingenia
513 866 697 926 procrearet:
716 864 817 931 utpote
833 855 909 912 enim
926 854 1063 914 bellicosa
1080 867 1110 913 et
1128 857 1245 934 sapiens
1264 861 1327 914 Dea

258 942 406 1020 regionem
420 939 582 1019 eligendam
597 943 709 1001 censuit
722 946 824 1014 talern,
845 955 908 1023 quar
923 959 999 1004 esset
1011 945 1058 1004 sui
1071 945 1178 1004 similes
1194 947 1326 1006 homines

259 1033 372 1096 editura
386 1055 392 1090 :
407 1033 452 1092 bis
466 1034 564 1110 itaque
575 1033 700 1112 legibus,
712 1035 759 1094 vel
770 1038 857 1096 edam
867 1025 1082 1097 honestioribus
1095 1037 1328 1097 institutionibus

260 1127 376 1186 formati
385 1138 498 1186 veteres
507 1126 952 1198 Athenienses,omnivirtutum
962 1149 1068 1208 genere
1078 1131 1183 1188 ceteris
1191 1128 1328 1188 omnibus
1374 1169 1375 1186 1

259 1220 475 1287 excelluerunt,
495 1231 528 1277 ut
546 1217 668 1278 decebat
684 1239 750 1292 eos,
776 1222 827 1299 qni
840 1222 904 1280 niis
922 1223 1012 1300 geniti
1031 1221 1199 1300 eruditique
1212 1233 1328 1280 essent:
1374 1225 1375 1272 ξ

260 1313 349 1370 multa
364 1311 482 1390 quidem
498 1325 527 1370 et
542 1309 684 1371 mirabilia
702 1327 807 1372 vestrae
828 1314 950 1374 civitatis
970 1333 1062 1393 opera
1080 1313 1112 1372 in
1134 1315 1330 1372 monumentis

260 1405 366 1462 nostris
386 1405 537 1483 leguntur,
560 1403 611 1464 sed
631 1423 720 1462 untrm
747 1405 944 1484 magnitudine
965 1417 996 1464 et
1017 1407 1127 1464 virtute
1148 1407 1329 1485 praecipuum

261 1498 391 1561 lacinus:
408 1497 533 1556 traditur
546 1499 622 1556 enim
641 1511 735 1557 restra
746 1499 847 1558 civitas
865 1499 1003 1558 restitisse
1016 1501 1087 1558 olim
1100 1499 1265 1558 innumeris
1279 1498 1331 1556 ho·

260 1591 346 1649 stium
360 1590 465 1669 copiis,
478 1609 543 1668 quas
558 1609 594 1649 ex
608 1589 751 1648 Atlantico
765 1591 838 1649 mari
853 1592 991 1666 proiectae
1007 1609 1102 1670 prope
1113 1591 1175 1668 jam
1197 1601 1329 1648 cunctam

261 1685 409 1761 Europam
423 1683 580 1760 Asiamque
596 1679 788 1740 obsederanta
808 1695 878 1741 tunc
897 1684 974 1741 enim
991 1696 1054 1740 erat
1068 1683 1175 1742 fretum
1188 1680 1263 1740 illud
1279 1699 1330 1736 na-

260 1773 401 1852 vigabile,
425 1771 534 1832 habens
553 1774 584 1831 in
606 1790 657 1831 ore
683 1786 712 1832 et
737 1775 819 1853 quasi
840 1773 982 1833 vestibulo
1007 1776 1069 1852 ejus
1091 1775 1238 1845 insulam,
1260 1791 1330 1850 quas

261 1867 395 1926 Herculis
409 1867 558 1925 columnas
572 1861 795 1945 cognominatis:
808 1867 959 1945 ferturque
972 1869 1066 1931 insula
1076 1867 1125 1925 illa
1138 1866 1235 1944 Libya
1246 1865 1330 1924 simul

164 1989 168 2011 t
237 1995 239 1998 -
261 1973 292 2016 et
305 1959 374 2017 Asia
388 1959 481 2036 major
495 1959 594 2029 luisse3
614 1977 667 2035 per
680 1977 768 2036 qnam
784 1959 821 2016 atl
838 1959 906 2017 alias
920 1959 1067 2037 proximas
1083 1959 1194 2016 insulas
1213 1957 1330 2037 patebat
1374 1961 1375 1964 ’

261 2050 369 2123 aditus,
386 2063 473 2127 atque
490 2069 527 2108 ex
544 2051 646 2108 insulis
662 2049 699 2107 ad
723 2069 839 2108 ornnem
860 2051 1086 2109 continenteme
1108 2061 1270 2128 conspeetu
1285 2048 1330 2125 ja·

262 2155 389 2214 rentem,
410 2161 481 2200 vero
500 2144 573 2202 mari
594 2143 734 2201 vicinam:
753 2143 805 2200 sed
819 2143 897 2199 intra
915 2159 949 2199 os
970 2141 1065 2219 ipsum
1083 2153 1189 2219 portus
1209 2151 1328 2217 angusto

191 2261 195 2270 ⁴
263 2236 327 2293 sinu
343 2234 429 2294 fuisse
443 2234 584 2294 traditur:
607 2236 725 2314 pelagus
738 2233 810 2292 illud
825 2253 927 2292 verum
942 2251 1038 2306 mare,
1055 2245 1135 2292 ter-ra
1147 2250 1269 2312 qnoque
1283 2229 1330 2288 itta

262 2345 331 2383 vere
345 2339 407 2384 erat
420 2327 584 2384 continens:
598 2327 629 2384 in
643 2326 698 2385 ltac
708 2325 857 2384 Atlantide
866 2327 959 2384 insula
973 2325 1098 2384 maxima
1112 2338 1141 2384 et
1153 2322 1329 2384 admirabilis
1374 2355 1375 2366 κ

264 2416 394 2495 potentia
416 2417 525 2474 exstitit
546 2433 661 2494 regum,
694 2419 746 2493 qui
767 2416 820 2476 toti
849 2418 950 2476 insule
973 2417 1016 2476 illi
1038 2418 1194 2496 multisque
1217 2415 1281 2476 aliia
1303 2425 1330 2471 et

262 2509 394 2567 maximae
402 2520 486 2566 terrae
497 2507 670 2566 continentis
685 2509 777 2587 parti,
790 2523 933 2588 praterea
947 2521 977 2568 et
992 2511 1052 2583 his,
1069 2529 1134 2588 qua
1151 2519 1243 2591 penes
1259 2515 1327 2568 nos'
1374 2549 1375 2556 κ

264 2615 345 2674 sunt,
366 2597 609 2659 dominabantur:
631 2601 774 2678 siquidem
799 2603 892 2662 tertias
911 2602 1013 2661 mnndi
1035 2603 1129 2682 parti,
1152 2604 1329 2682 qaenam
1374 2663 1375 2666 ,

264 2695 380 2766 dicitnr,
397 2711 489 2770 usque
502 2693 706 2774 adAEgyptum
720 2695 951 2773 imperaverant3
964 2699 1088 2773 Europae
1100 2709 1282 2774 venansque
1295 2697 1328 2755 ad

264 2787 447 2864 Tyrrhenum
457 2805 553 2844 mare:
567 2785 672 2845 horum
684 2786 726 2845 vis
740 2789 832 2846 omnis
842 2807 900 2847 una
909 2788 1030 2847 collecta
1040 2797 1219 2861 nostiam,·o
1228 2791 1328 2858 Solon,
1374 2779 1375 2800 ἶ

263 2893 447 2957 vestramque
464 2880 624 2956 regionem,
645 2891 675 2937 et
690 2879 832 2957 quidquid
847 2881 923 2938 intra
940 2881 1087 2940 columnas
1107 2880 1246 2939 Herculis
1257 2899 1327 2939 con·

266 2971 420 3044 tinebatur,
437 2973 563 3030 invasit:
582 2983 654 3030 tunc
676 2984 779 3030 rastra
798 2971 924 3030 civitatis
943 2973 1037 3030 virtus
1060 2972 1090 3030 in
1113 2987 1217 3030 omnes
1235 2983 1327 3051 gentes

263 3066 370 3125 enituit
381 3087 389 3121 a
402 3084 467 3143 qnae
480 3083 571 3142 quum
586 3083 687 3123 omnes
704 3065 938 3141 magnanimitate
951 3063 1127 3142 bellicisque
1146 3062 1262 3122 artibus
1279 3083 1328 3120 an·
1374 3123 1375 3134 ,

266 3157 424 3230 recelleret,
439 3158 545 3236 partim
560 3177 617 3218 una
631 3173 697 3218 curn
709 3158 771 3216 aliis
782 3158 904 3229 Graecis,
919 3157 1026 3236 partim
1037 3157 1115 3228 sola,
1133 3147 1240 3214 ueneris
1253 3155 1327 3214 dese

265 3250 410 3322 rentibus,
430 3245 559 3308 extrema
570 3248 838 3308 discrimina2subiit
857 3249 1012 3328 hostesque
1027 3239 1225 3326 enpugnarit,
1237 3248 1327 3306 amicis

267 3357 379 3400 servata
392 3341 437 3400 vel
452 3341 565 3405 reddita
576 3341 710 3405 libertate
723 3361 730 3397 t
746 3354 813 3419 post
826 3341 890 3399 baso
900 3340 1009 3420 ingenti
1020 3351 1105 3398 terrae
1119 3339 1327 3417 motu-jugique

266 3433 325 3492 diei
336 3435 422 3492 unius
437 3447 466 3492 et
478 3433 721 3494 noctis-illuvione
732 3436 839 3494 sactum
851 3447 909 3504 est,
923 3447 955 3492 ut
969 3447 1045 3492 terra
1057 3428 1327 3491 dehiscensrcstros

265 3527 331 3584 illus
344 3545 401 3583 nna
412 3521 511 3585 omne's
524 3527 675 3586 bellicosos
691 3527 824 3589 homines
842 3525 1024 3597 absorberet,
1048 3538 1078 3584 et
1093 3524 1222 3584 Atlantis
1240 3523 1327 3582 insula

266 3617 321 3676 sub
333 3629 415 3676 vasto
431 3621 543 3697 gurgite
551 3613 749 3699 mergeretur:
761 3636 848 3698 qnam
864 3617 902 3677 ob
916 3633 1031 3677 oausam
1043 3615 1242 3694 innavigabile
1254 3616 1326 3695 pela-

266 3729 319 3787 gus
336 3710 409 3768 illud
424 3725 546 3790 propter
563 3713 707 3792 absorptae
726 3713 826 3774 insule
847 3710 1102 3790 limumrelioturn
1114 3709 1180 3768 fuit
1204 3713 1291 3776 Hac,
1311 3723 1326 3763 o
1374 3695 1375 3706 ¹

265 3805 411 3875 Socrates,
429 3821 546 3876 eorum,
565 3823 629 3882 qnae
648 3805 751 3864 Critias
773 3803 866 3882 major
884 3797 1020 3864 aSolone
1038 3813 1158 3879 accepta
1174 3800 1326 3867 narrabat,

260 3913 380 3973 ¹summa
392 3908 455 3954 est:
476 3896 531 3955 sed
547 3896 616 3956 dnm
630 3899 778 3976 praeterito
794 3896 840 3954 die
862 3895 897 3953 de
918 3893 1069 3975 republica
1084 3893 1255 3971 civibusque
1273 3893 1326 3949 suis

265 3987 434 4060 ‹lissereres,
455 3987 544 4046 subiit
561 3989 632 4047 mihi
654 3989 786 4068 quaedam
802 3997 838 4048 eir
854 3987 1057 4048 recordatione
1069 3986 1242 4060 admiratio,
1256 3983 1327 4061 engi·

303 4129 323 4158 1.
339 4114 400 4163 Nos:
414 4117 442 4162 ln
455 4114 494 4162 ed.
508 4115 611 4164 lielkeri
623 4133 686 4176 non,
699 4116 877 4182 typographico
889 4113 1032 4183 sphalmate.
1374 4191 1375 4194 Ἴ

1307 4217 1318 4248 e
