2724 4690
405 318 682 409 excussas
706 337 757 406 11.
1048 336 1115 434 189

55 481 178 526 sensum
198 457 358 534 oblatam,
375 473 409 521 et
424 460 472 522 rei
490 481 591 524 sensae
610 474 777 538 namram3
795 453 838 520 ita
856 455 941 521 illius
962 458 1118 523 interme·

55 567 105 629 diat
122 567 168 630 rei
185 580 303 627 natura
318 578 352 626 et
368 563 466 651 leges,
477 563 587 651 quoad
599 567 756 628 visionem
769 562 910 651 penitius
922 579 1117 652 perspectae,

55 676 139 738 etiam
163 673 258 736 istam
275 668 570 734 dissimilitudinem
587 672 807 750 illustrarunt,
823 687 855 734 et
871 668 1118 736 confirmarunt.

56 781 171 866 Nempe
195 775 378 840 observavit
400 773 594 858 Newtonus,
618 777 743 840 colores
764 777 842 840 oriri
867 798 907 840 ex
921 774 1118 840 'discissione

55 883 125 947 radii
143 881 300 947 luminosi
319 881 354 944 in
374 897 500 968 septem
522 881 601 944 alios
624 880 856 970 simpliciores,
880 903 1001 968 eosque
1027 882 1118 946 colo·

55 1008 150 1070 ratos,
175 987 354 1076 exquibus
369 988 468 1051 veluti
489 1003 659 1052 contextus
677 1006 771 1052 esset.
788 988 899 1054 Rebus
920 988 1019 1078 igitur
1041 989 1119 1076 ipsis

55 1097 170 1158 colores
188 1091 280 1158 nullo
299 1091 400 1157 modo
416 1091 608 1158 tribuendos
624 1113 712 1174 esse,
730 1092 791 1156 nisi
813 1111 990 1180 quatenus,
1011 1094 1119 1156 minu·
1160 1087 1181 1132 ’-

57 1202 250 1265 tissimatum
266 1200 409 1286 partium
430 1195 562 1262 suarum
588 1199 653 1261 situ
672 1214 705 1262 et
722 1215 836 1280 motu,
852 1217 958 1264 essent
975 1216 1056 1288 aptae
1078 1198 1120 1262 ad

56 1305 126 1369 radii
145 1305 302 1369 luminosi
320 1305 405 1367 hanc
421 1304 472 1368 vel
494 1305 580 1369 illam
597 1319 741 1392 partem,
771 1305 837 1369 sive
861 1303 1118 1386 absorbendam,

57 1412 162 1476 sivein
178 1411 370 1501 spectatoris
387 1411 520 1474 oculum
536 1409 774 1476 remittendam.

94 1519 177 1583 «llis
198 1539 279 1582 usus
303 1533 353 1581 est
367 1517 506 1582 Lockius
522 1515 564 1581 ad
582 1539 679 1581 suum
698 1515 740 1582 de
757 1517 924 1600 sensibus,
947 1535 981 1583 et
1001 1518 1121 1584 intelli·

59 1626 170 1710 gentia,
194 1623 422 1688 fabricandum
439 1635 573 1720 'summu
615 1625 703 1688 Duas
730 1623 784 1687 ille
808 1625 1000 1711 qualitatum
1022 1647 1120 1689 sensu

58 1747 273 1820 perceptarum
293 1729 410 1794 classes
428 1729 518 1813 fecit3
536 1753 675 1818 quarum
691 1730 789 1795 altera
804 1723 1120 1818 complectiturque·

59 1855 126 1900 tuor
145 1837 296 1900 omnium
315 1857 491 1924 corporum
515 1858 729 1917 communes,
768 1835 932 1924 tangendo
956 1836 1118 1924 cognitas,

59 1941 250 2022 soliditatem,
271 1946 501 2024 extensionem,
509 1941 679 2036 figurant,
700 1957 833 2025 motum,
852 1965 933 2031 quus
951 1943 1117 2032 primarias

59 2048 116 2112 sire
136 2052 298 2140 principes
322 2037 484 2140 appellat,
515 2067 629 2141 utpote
656 2074 729 2139 quae
759 2067 940 2116 ceterarum
966 2051 1116 2122 omnium

60 2177 160 2237 causa,
171 2173 205 2220 et
221 2157 313 2244 quasi
328 2155 470 2220 fulcrum
489 2154 553 2221 sint
566 2179 573 2221 :
586 2156 684 2221 altera
700 2179 814 2221 omnes
831 2172 952 2222 ceteras
969 2179 1119 2245 compre·

60 2261 177 2345 hendit,
192 2261 397 2328 secundariae
411 2262 529 2344 dictas,
546 2278 585 2327 ut
600 2264 735 2345 colores,
751 2262 879 2345 odores,
891 2285 1032 2353 sapores,
1046 2286 1118 2351 quae

60 2391 93 2430 ex
107 2367 161 2432 illis
177 2391 238 2459 pro
252 2367 433 2434 diversitate
449 2370 744 2435 instrumentorum
762 2392 875 2435 sensus
891 2370 1062 2434 orirentur.
1082 2369 1120 2434 ld

61 2471 139 2558 quod
154 2473 250 2562 plane
266 2475 430 2538 consentit
445 2497 521 2539 cum
539 2475 717 2540 Democriti
732 2491 764 2539 ct
781 2492 927 2540 veterum
940 2473 1100 2538 doctrina.

98 2579 281 2666 ·Sequutus
298 2594 348 2642 est
362 2577 526 2666 Berkeley,
539 2579 710 2667 episcopus
727 2579 929 2668 Cloynensis,
941 2578 1121 2658 virbonus,

61 2683 262 2773 philosophus
272 2685 369 2749 nimis
385 2684 528 2767 subtilis,
547 2686 605 2773 qui
622 2685 806 2773 conscripto
826 2685 961 2772 Dialogo
979 2684 1070 2772 Hyle
1086 2700 1120 2748 et

62 2787 220 2871 Philonoi,
248 2791 345 2855 etiam
369 2813 421 2855 eas
444 2792 529 2878 ipsas
548 2792 735 2879 qualitates,
763 2812 842 2879 quas
861 2788 999 2854 Locltius
1023 2788 1120 2854 rebus

63 2894 237 2982 reliquerat,
249 2897 288 2960 iis
301 2895 447 2962 detraxit
459 2898 588 2962 Etenim
605 2896 757 2985 speciosis
768 2895 967 2985 argumentis
981 2895 1119 2982 probare

63 3017 183 3065 conatus
202 3017 266 3082 est,
283 3003 452 3089 qualitates
469 3025 522 3066 eas
538 3025 611 3090 quse
628 3001 793 3090 tangendo
809 3001 1064 3090 perciperentur,
1082 3018 1120 3066 ut

65 3121 166 3170 notum
183 3107 392 3194 etfiguram,
411 3129 478 3171 nou
495 3108 596 3195 magis
612 3106 710 3171 rebus
728 3106 806 3194 ipsis
825 3103 1013 3170 tribuendas
1030 3127 1120 3186 esse,

63 3231 147 3296 quam
165 3229 308 3294 ceteras,
333 3228 370 3277 ut
392 3235 484 3276 sonos
507 3229 540 3277 et
556 3211 675 3276 colores
694 3235 705 3274 .·
724 3211 840 3275 mentis
858 3211 926 3275 illas
944 3233 1013 3274 esse
1030 3211 1122 3300 cogi·

65 3321 164 3403 tantis,
181 3343 250 3384 non
264 3309 409 3408 corporis
422 3319 518 3384 ullius
535 3318 735 3384 affectiones.
753 3319 827 3402 Qua
841 3341 877 3382 re
893 3334 995 3382 totam
1008 3341 1120 3384 rerunt

65 3445 279 3513 remorsurum
293 3441 441 3490 naturam
455 3427 595 3492 sustulit.
614 3425 792 3509 Quomodo
807 3425 895 3490 cuim
908 3425 1122 3514 comprehen-

66 3529 198 3613 deretur,
226 3530 348 3622 aliquid
367 3554 455 3615 esse,
483 3531 576 3612 cujus
595 3533 729 3620 qualitas
758 3531 847 3596 nulla
876 3531 1124 3621 perciperetur?

67 3633 152 3716 Quod
168 3639 269 3728 igitur
281 3659 484 3726 consequens
504 3653 571 3702 erat
586 3635 742 3702 doctrinas
760 3659 845 3720 suae,
862 3639 989 3728 negarit
1005 3653 1124 3726 praeter

67 3758 177 3806 utentes
194 3742 374 3831 quidquam
391 3765 462 3807 esse
479 3743 511 3805 in
530 3765 639 3806 rerum
656 3757 780 3808 natura.

104 3848 322 3913 «Contrarium
338 3849 502 3938 ingressus
521 3864 570 3914 est
582 3848 666 3912 viam
680 3846 872 3930 Leibnitius,
881 3849 937 3936 qui
954 3847 1016 3912 fuit
1032 3849 1124 3937 inge·

71 3951 116 4014 nio
137 3953 176 4016 ad
191 3953 439 4043 contemplanda
465 3958 610 4020 universa
628 3975 737 4018 rerum
750 3975 886 4042 genera,
906 3977 1003 4040 quam
1022 3951 1062 4016 ad
1079 3975 1126 4015 res

70 4057 147 4140 ipsos
162 4083 232 4148 qnae
249 4077 328 4128 sunt
346 4061 543 4148 tractandas,
564 4061 778 4151 propensiori.
805 4060 865 4124 Hic
883 4081 960 4148 ergo
985 4058 1127 4122 Platonis
