2764 4688
312 389 921 488 acannrnc.1‚n1nnn11,7.
1079 341 1159 465 ,ω’

84 515 157 611 ipse
174 509 288 584 fidem
311 509 419 584 faeiat
445 513 502 582 sui
517 510 645 609 judicii
655 507 682 582 ⁸.
706 512 814 602 Quod
831 513 927 586 idem
941 511 983 586 fit
1001 515 1038 586 in
1053 520 1151 588 voci·
1256 603 1258 608 Ι

85 621 171 710 bus,
187 625 226 693 in
247 623 382 714 odore,
403 625 440 694 in
459 647 609 722 sapore:
626 637 669 694 ut
688 647 798 696 nemo
818 631 865 698 sit
879 639 1066 716 nostrum,
1087 628 1152 725 qui
1252 717 1255 724 Ι

84 734 122 802 in
140 733 333 806 sensibus⁹
356 735 412 804 sui
435 735 613 832 cujusque
636 737 778 831 generis
795 735 972 831 judicium
989 741 1152 836 requirat

84 847 210 916 acrius.
232 842 407 916 Adhibita
428 869 515 916 vero
543 845 798 920 exercitatione
825 861 862 917 et
885 861 978 935 arte,
998 862 1041 918 ut
1056 849 1153 920 oculi
1172 875 1205 909 πο

85 959 224 1053 pictura
234 968 439 1044 teneantur,
453 969 489 1027 et
501 979 606 1027 aures
618 955 785 1028 cantibus
797 965 840 1044 ¹⁰,
851 957 933 1054 quis
944 971 1010 1045 est,
1023 960 1114 1055 quin
1123 967 1150 1003 ¹¹

85 1064 1155 1163 oemsswmmfflmwffifflfflmmmn

86 1174 169 1248 dent
191 1178 352 1277 pictores
376 1178 415 1247 in
438 1175 597 1266 umbris,
622 1192 658 1249 et
682 1179 721 1248 in
747 1179 961 1266 eminentia,
984 1202 1066 1275 quae
1088 1201 1157 1249 nos

86 1311 159 1358 non
190 1287 385 1359 videmus?
416 1290 536 1382 Quam
568 1287 706 1376 multa,
734 1313 815 1386 qnae
846 1311 914 1360 nos
944 1285 1089 1386 fugiunt
1118 1289 1156 1358 in

88 1409 211 1486 mutu,
230 1395 429 1470 exaudiunt
446 1401 483 1468 in
504 1417 549 1471 eo
565 1422 699 1497 genere
719 1399 929 1472 exercitati?
951 1403 1016 1497 qui
1038 1401 1157 1499 primo

87 1507 212 1580 inflatu
233 1506 393 1580 tibicinis
404 1519 436 1550 ¹²
457 1510 654 1609 Antiopam
666 1507 699 1554 ¹³
719 1535 796 1582 esse
809 1511 931 1598 aiunt,
947 1524 1008 1582 aut
1023 1508 1159 1582 Andro·

120 1749 144 1798 8.
152 1751 219 1798 Dum
231 1749 362 1815 adipeam
374 1747 509 1818 ipsefidem
514 1748 602 1816 faedat
643 1762 761 1802 staures·
771 1749 916 1815 scripsisset.
925 1748 974 1800 Sed
983 1749 1067 1798 Daris.
1078 1759 1159 1798 toturn

84 1824 222 1892 raijudr'eri.
237 1831 259 1876 Ι,
271 1845 293 1877 a.
307 1827 365 1876 dum
374 1828 516 1893 adapertus,
528 1845 599 1893 repe-
641 1831 708 1880 branc
718 1829 817 1890 locum,
829 1839 858 1878 nt
870 1829 1027 1888 addititiam,
1038 1829 1071 1876 ad
1080 1845 1159 1878 nnooa

84 1908 419 1970 nmnvarnnajndicium
427 1908 495 1972 prins
501 1919 600 1973 captum
644 1909 832 1968 condemnarit,
846 1908 966 1973 probante
978 1907 1084 1958 wetzel.
1097 1911 1158 1959 Exn.

85 1988 228 2054 comprobet
234 1999 309 2053 atque
318 1985 455 2037 confirmet.
465 1989 503 2036 De
513 1988 599 2047 forma,
643 1999 729 2036 contra
747 2005 801 2036 ennr
815 1988 938 2056 defendit3
956 1998 1090 2053 utcumque
1103 2003 1160 2036 onan

85 2089 99 2110 ι
107 2065 179 2116 iida-
192 2069 273 2116 faeere
285 2067 389 2129 alienjna
402 2067 470 2131 rei»,
484 2067 517 2116 os.
530 2068 599 2116 Orat.
643 2067 843 2117 antecedentibus
860 2083 917 2116 sarra
932 2068 1069 2127 cohaerere,
1085 2067 1107 2116 ai
1123 2069 1159 2116 aie

85 2147 188 2210 111,27‚
205 2157 269 2206 roa,
282 2167 294 2190 ι
304 2147 336 2196 ad
346 2145 421 2196 fidem
435 2147 553 2196 orationis
567 2147 601 2194 fa·
643 2149 761 2212 recipias,
784 2169 796 2192 ι
809 2163 927 2212 pet-quarn
947 2149 1013 2196 oetrli
1040 2156 1064 2196 et
1090 2162 1161 2196 aures

85 2225 192 2274 ciendam
204 2249 228 2274 ι.
241 2227 307 2274 Hino
319 2227 381 2274 mira
395 2227 437 2274 iila
450 2225 526 2274 dictio
535 2225 601 2290 apud
643 2227 783 2278 adansflunt
792 2228 897 2278 libenter
915 2229 1057 2294 spectandis
1075 2239 1101 2276 et
1117 2244 1160 2276 an·

85 2305 369 2368 ebertanae,
385 2303 484 2355 -ttdem
497 2305 601 2353 nonha-
643 2308 738 2358 ‹tnnnn
763 2310 865 2374 ptr-mni
893 2319 918 2358 o
939 2295 1066 2370 cinnam,
1091 2305 1158 2356 unt·

86 2385 127 2433 bni
140 2387 237 2450 argenti
246 2407 260 2428 n
267 2418 276 2446 ,
289 2385 305 2433 i.
320 2401 342 2432 e.
355 2385 425 2434 notui
438 2387 461 2434 ei
474 2395 601 2450 argentum
644 2385 1071 2446 aerimosrnereetandirediscunt».
1080 2391 1158 2436 Immo

86 2464 190 2514 caedue.
205 2466 333 2514 saranum
353 2475 434 2516 autern
453 2465 599 2526 verborum,
643 2469 821 2518 aoonratiaairne
844 2459 986 2526 cobserent,
1012 2469 1051 2528 ai,
1075 2467 1159 2517 habita
1191 2525 1198 2538 Ι

85 2561 127 2609 per
150 2556 234 2594 totum
247 2544 315 2592 buno
336 2545 540 2608 elegantissimum
559 2544 600 2594 lo·
643 2548 700 2596 soni
708 2548 815 2605 ratione,
827 2548 988 2608 intellexen's,
998 2548 1071 2596 rerba
1081 2535 1160 2596 Adit

85 2640 156 2684 enne,
175 2622 234 2672 soni
246 2622 337 2674 rationi
350 2633 431 2688 aptata
444 2634 481 2672 eat
501 2639 601 2672 aeonra·
643 2626 706 2674 dita.
717 2659 742 2675 ..
756 2637 828 2685 erte,
844 2625 878 2674 ob
895 2626 1021 2674 sententia
1036 2627 1086 2672 vina
1103 2635 1160 2673 ants

86 2704 184 2753 tissime.
209 2703 242 2752 G.
645 2715 672 2752 ut
687 2721 738 2753 esse
755 2704 858 2769 posita,
888 2715 914 2753 et
937 2716 964 2752 sat
983 2690 1030 2769 prb
1045 2701 1096 2768 sae
1119 2714 1160 2766 nt,

118 2799 144 2848 9.
165 2785 199 2830 Ue
211 2797 283 2830 nemo
298 2779 331 2828 sit
342 2797 368 2830 n.
384 2778 428 2846 qui
444 2779 600 2831 insentibus.
644 2794 675 2832 ut
685 2799 751 2848 saepe
773 2783 828 2847 (es.
847 2785 905 2834 Ena.
922 2782 952 2834 cl.
971 2784 997 2834 h.
1010 2799 1037 2831 r.
1047 2781 1077 2848 ),
1102 2783 1160 2832 diei.

85 2862 216 2912 lambiunt
228 2870 254 2908 et
268 2859 372 2908 Ursinus
381 2869 499 2908 testantur
511 2861 539 2906 in
552 2857 603 2924 qui·
644 2863 684 2912 lta
698 2862 795 2911 demunt
808 2863 880 2910 edam
893 2861 989 2911 videbis
1002 2877 1042 2911 vr.
1056 2861 1111 2926 qnia
1124 2872 1164 2910 est

85 2941 188 2990 bnsdarn
200 2937 272 2988 labris
284 2939 325 2986 bio
336 2938 419 2987 abesse
434 2939 603 3003 negationem,
645 2940 823 2990 anoloeoesae.
833 2940 1056 2989 attanixterenda
1065 2941 1162 3003 forent,

84 3016 604 3086 quamtgomnimenstbustmertrurffl·
645 3019 780 3070 nisiae...
795 3019 908 3068 cantibus
922 3020 949 3067 in
962 3019 1099 3084 parenthesi
1113 3036 1161 3084 po·

84 3100 217 3150 rectissime
232 3098 311 3146 abest.
326 3097 431 3147 Constat
443 3114 475 3146 ex
491 3097 603 3161 eoquod
645 3100 719 3148 siturn
727 3099 1065 3164 putaris‚qnodpseneidenr
1074 3099 1160 3161 inerit,
1263 3129 1265 3136 ›

85 3181 167 3244 paullo
180 3189 239 3227 ante
250 3177 327 3224 dicit:
341 3199 354 3218 ι
363 3193 479 3224 aensnnrn
492 3177 526 3225 ita
539 3177 604 3225 clara
645 3193 675 3226 ao
684 3178 705 3225 si
716 3192 743 3226 sa
754 3178 887 3227 damnaria.

81 3259 174 3320 judicia
192 3269 219 3306 et
236 3267 301 3304 certa
314 3265 390 3316 sunt,
403 3267 451 3304 ete.
464 3277 477 3298 ι
494 3255 526 3303 Et
542 3254 605 3304 dicit
685 3272 725 3305 ιι.
741 3256 815 3320 Quin.
829 3259 879 3304 Pro
893 3255 953 3320 quin
965 3256 1065 3320 praefert
1076 3258 1161 3308 lamb.

83 3339 187 3388 interim
197 3351 205 3387 ε
216 3358 230 3380 ι
241 3336 262 3384 si
275 3335 331 3399 qnia
345 3334 404 3384 dens
417 3346 443 3383 te
455 3335 602 3400 interroget,
646 3336 691 3400 qui
704 3352 753 3383 non
760 3371 769 3394 ,
790 3341 821 3383 ut'
835 3347 923 3400 preter
939 3335 1001 3384 slioa
1017 3336 1068 3386 En.
1079 3337 1162 3387 babet.

84 3420 147 3467 sarn's
158 3416 238 3466 inodo
250 3425 275 3464 et
288 3414 388 3478 integris
397 3413 518 3472 sendbns,
532 3430 604 3462 nurn-
646 3415 696 3466 sed
706 3415 792 3464 scribe
805 3417 831 3464 in
842 3416 887 3464 bae
900 3426 1020 3464 structura
1032 3415 1162 3466 haeserant,

85 3497 144 3562 qnid
160 3495 269 3561 amplios
285 3493 406 3542 desideres
417 3495 451 3542 a?
470 3495 532 3557 Qnae
547 3509 603 3541 sen·
647 3495 708 3544 Inde
718 3495 810 3560 prabet
820 3497 863 3544 Dr.
874 3495 925 3560 qni.
937 3495 977 3544 Cf.
987 3498 1057 3544 Verr.
1068 3498 1101 3546 V.
1115 3512 1163 3555 aa,

86 3578 160 3626 tentia
174 3576 319 3626 stoicorum
330 3583 355 3620 et
367 3571 486 3622 Antiochi
500 3582 547 3631 est,
562 3573 605 3636 qui
648 3577 697 3638 9³²
708 3576 763 3638 quis
770 3586 807 3624 est
814 3586 934 3635 vestrum,
943 3577 1003 3640 quin
1010 3575 1162 3642 intelligat?-

86 3658 186 3706 nornine
199 3652 405 3722 Academicus-ex
417 3650 550 3700 Acade-ia
563 3665 604 3700 vs·
647 3665 696 3703 ete.
715 3653 777 3702 Inde
793 3655 858 3715 justa
876 3671 949 3702 eausa
970 3670 1020 3702 non
1039 3655 1099 3717 fnit,
1120 3671 1165 3704 eur

88 3747 152 3797 tem
171 3752 198 3784 re
214 3745 296 3782 antem
315 3741 368 3793 est,
382 3742 409 3779 ut
422 3733 485 3779 infra
499 3730 605 3796 dieetnr5
648 3731 759 3784 Hi'rlsem.
773 3733 856 3782 Larnb.
866 3735 1009 3782 imitaretur.
1026 3735 1057 3784 G.

89 3813 284 3878 gemniuimns
292 3809 396 3860 stoicus.
406 3810 433 3856 P.
444 3813 536 3859 Fasra.
690 3829 730 3861 ra.
740 3812 788 3876 Qui
796 3815 853 3880 (pro
862 3829 921 3862 nam
930 3811 1048 3878 iroprinw
1058 3811 1110 3880 sifi.
1121 3809 1163 3861 eit.

126 3907 167 3943 xo.
187 3895 220 3940 tte
235 3889 311 3940 oculi.
323 3922 348 3938 ..
362 3901 387 3938 sc
400 3905 473 3938 aures
488 3889 606 3940 rantibus,
651 3891 690 3941 Cf.
702 3892 746 3942 int.
756 3908 799 3953 η,
809 3892 854 3941 86:
866 3892 956 3940 usimnl
963 3891 1055 3940 inflavit
1065 3889 1166 3949 tibicen,

92 3973 194 4020 omnm
209 3970 278 4020 delet
289 3979 356 4036 part.
377 3980 408 4020 et.
422 3971 534 4032 Quatnor
544 3969 609 4030 mei,
651 3972 753 4037 aperito
760 3987 856 4020 carmen
863 3973 1004 4037 agnoscitur
1012 3993 1034 4018 υ.
1048 3972 1080 4018 G.

93 4049 282 4116 inquinemini
290 4059 314 4096 et
322 4050 445 4114 ignorant.
452 4053 607 4100 Rectetnsm
691 4051 731 4100 13.
755 4051 898 4116 Antiopam.
924 4049 1024 4098 Pacuvii
1050 4047 1167 4110 negasti

95 4130 150 4179 allas
159 4141 246 4185 anetor
256 4145 288 4179 ex
298 4143 344 4180 auo
356 4145 425 4180 more
438 4151 449 4174 ι
460 4139 485 4178 et
497 4129 602 4180 ocuti„-
653 4139 704 4188 est,
719 4147 749 4179 ex
765 4147 812 4195 qna
826 4129 923 4180 Nonius
935 4127 1005 4191 plora
1014 4125 1109 4176 landet.
1120 4127 1152 4176 G.
