2762 4656
281 282 532 352 acaunum.
559 285 593 369 1,
618 283 754 352 naen
777 285 827 370 11,
855 287 911 369 ιι.
1057 285 1126 374 343

69 399 291 474 obtrectandi
314 425 419 472 causa
444 426 525 474 cum
552 409 698 474 Zenone
724 406 958 501 pugnavisse,
979 407 1041 478 sed
1066 434 1126 481 ve-

70 537 145 582 rum
175 513 337 583 invenire
365 511 543 602 voluisse,
572 515 625 584 sic
656 513 874 611 intelligitur.
903 518 1044 607 Nemo,
1072 522 1127 589 in·
1147 552 1182 606 77

70 647 197 720 quam,
221 625 495 719 superiorum¹²
524 647 601 694 non
627 623 738 694 modo
762 621 1039 721 expresserat13,
1065 627 1130 699 sed

71 758 111 804 ue
128 731 266 804 dixerat
279 731 446 830 quidem,
458 757 564 830 posse
578 732 764 804 hominem
779 732 868 804 nihil
884 735 1045 832 opinari;
1062 761 1130 809 nec

72 842 177 916 solum
198 865 327 942 posse,
347 841 411 916 sed
433 845 484 914 ita
508 866 653 916 necesse
677 867 753 915 esse
778 843 943 940 sapienti.
968 845 1052 916 Visa
1077 860 1131 917 est

72 952 227 1026 Arcesilae
245 978 362 1050 quum
379 977 466 1026 vera
481 957 677 1044 sententia,
690 967 768 1024 turn
785 952 956 1042 honesta,
972 969 1008 1025 et
1023 952 1131 1053 digna

73 1064 234 1160 sapiente.
253 1066 426 1154 Quaesivit
443 1064 489 1137 de
505 1070 650 1138 Zenone
669 1062 839 1151 fortasse,
860 1062 950 1161 quid
968 1062 1130 1136 futurum

75 1189 177 1262 esset,
198 1176 229 1247 si
245 1198 315 1246 nec
329 1176 518 1274 percipere
531 1174 732 1273 quidquam
749 1189 870 1274 posset
884 1178 1026 1273 sapiens
1037 1199 1131 1279 ,nec
1211 1227 1213 1242 .

76 1284 204 1380 opinari
220 1285 392 1382 sapientis
406 1299 510 1358 esset.
528 1285 610 1372 Ille,
625 1284 755 1373 credo,
768 1284 866 1356 Nihil
878 1287 1131 1382 opinaturum3

76 1396 237 1490 quoniam
255 1410 368 1486 esset,
387 1396 487 1493 quod
510 1397 648 1494 percipi
666 1397 842 1494 possevi.
867 1393 966 1484 Quid
992 1419 1078 1492 ergo
1095 1393 1132 1466 id

77 1505 179 1576 esset?
191 1505 338 1596 Visum,
353 1506 470 1579 eredo.
486 1505 600 1597 Quale
611 1507 722 1603 igitur
732 1507 849 1576 visum
859 1501 911 1575 ¹⁵?
925 1509 1016 1576 Tum
1029 1504 1136 1576 illurn
1246 1565 1249 1570 .

78 1719 120 1780 lli,
133 1734 174 1779 ιο,
188 1721 238 1782 37;
250 1721 327 1770 Tuae.
341 1721 381 1781 11,
397 1737 438 1782 ιι,
451 1722 501 1783 ι6,
513 1733 539 1770 et
550 1722 578 1769 in
621 1720 749 1770 densae.
761 1719 822 1768 «Ne
836 1717 1037 1768 dicemeccmte
1048 1719 1134 1785 diepa·

79 1795 111 1844 lsis
130 1797 221 1848 Acsdd.
244 1800 308 1848 insta
332 1808 381 1860 44,
405 1799 464 1850 ι35.
491 1801 521 1850 G.
544 1824 579 1838 —
622 1809 699 1860 teret,
717 1797 759 1846 red
774 1815 805 1846 ne
819 1797 961 1862 simpliciter
972 1798 1071 1862 quidem
1087 1800 1135 1848 tele

80 1877 118 1924 Pro
134 1888 156 1926 te
175 1879 227 1944 ipsso
248 1895 346 1944 quaque
358 1879 456 1944 pudice,
476 1879 580 1929 Goerenu
620 1875 1136 1942 quiescamus-‚Atticetsiuctoerone

80 1955 127 2006 det:
138 1968 181 2007 «te
190 1959 245 2024 ipso
256 1957 358 2023 quiden
364 1958 477 2020 judiees.
489 1961 579 2025 Peste,
621 1955 758 2020 prolectam
767 1964 893 2019 putunus3
905 1964 984 2003 umen
995 1954 1049 2004 huc
1061 1957 1134 2004 verbu

81 2037 157 2099 iuquit,
168 2053 219 2086 uon
233 2037 350 2102 quidem,
363 2037 405 2086 sed
417 2053 514 2102 quaque
524 2037 580 2084 vul-
622 2034 705 2082 durius
717 2034 764 2082 sihi
778 2033 892 2098 opponite
902 2033 1026 2082 videntur.
1039 2035 1102 2084 Nam
1114 2036 1133 2082 si

80 2125 149 2177 gutur,
160 2127 243 2166 conus
257 2125 283 2164 et
296 2131 363 2165 meos
378 2131 476 2178 omnes,
486 2125 580 2164 uuum·
621 2114 661 2162 vel
670 2115 702 2164 ed
710 2125 873 2178 expresserat,
888 2113 994 2162 diceudo
1007 2112 1134 2177 cogiteris,

81 2209 121 2256 que
139 2197 320 2254 Ouenieueem
340 2205 366 2244 et
387 2194 466 2244 editoe
488 2205 581 2244 veteres
622 2195 691 2258 quod
711 2194 801 2254 debes,
821 2195 979 2246 nihilomiuus
1002 2195 1076 2242 etiem
1104 2193 1135 2242 sd

81 2273 202 2338 pleraeque.
215 2275 293 2339 Quod
303 2274 331 2324 le.
340 2275 358 2322 l.
367 2289 397 2322 eo
410 2274 522 2322 vitiosius
530 2283 579 2333 est,
622 2273 688 2324 dreit
697 2275 779 2323 animo
791 2273 931 2340 simpliciter
941 2272 1081 2322 addendum
1095 2272 1138 2320 hu-

81 2366 145 2413 qaum
155 2354 214 2402 elius
223 2355 299 2402 etiem
306 2369 390 2402 unaue
401 2355 507 2402 eunuc
519 2353 580 2417 Qui·
622 2352 700 2402 bobis.
714 2355 747 2402 G.

81 2428 127 2478 dere
142 2433 302 2482 uescenti·
325 2443 375 2492 eet,
397 2442 422 2480 et
440 2432 489 2480 hoc
509 2447 581 2480 seusu
663 2436 704 2494 ¹4·
732 2432 801 2482 Nihil
822 2433 994 2498 opinatarum,-
1021 2429 1139 2496 qrtoaim

82 2509 151 2558 locum
171 2510 267 2574 afficit,
287 2512 343 2561 aeie
361 2521 391 2559 ut
407 2527 465 2560 eene
485 2525 515 2559 cx
537 2521 580 2558 tuo
623 2525 701 2574 esset,
720 2513 789 2578 quod
799 2512 893 2578 percepi
904 2523 995 2576 posset.
1016 2509 1139 2573 Vulgetur

83 2586 146 2650 ipsius
152 2591 241 2652 judicio
251 2590 421 2639 tereiellemn.
433 2589 581 2654 Atvulgette
623 2591 746 2657 epr'rratar.
773 2591 821 2640 sed
840 2592 923 2640 Deris.
945 2589 976 2638 de
996 2603 1043 2636 suo
1070 2585 1139 2635 dedit

82 2665 115 2714 hle
123 2685 259 2720 marene
269 2686 352 2720 aeneae
359 2670 456 2736 prodit,
466 2691 478 2712 ι
485 2680 513 2717 tu
521 2669 581 2717 milri
624 2670 795 2734 opinaturum
805 2666 1033 2733 temenapr'nabitar
1040 2679 1139 2728 quoque

83 2747 485 2816 etiminposterumjudexeriss.
622 2748 671 2811 legi
684 2747 987 2811 posaejudtcstzquoruu
996 2742 1138 2792 ulterutram

115 2841 150 2878 tu.
170 2831 268 2892 Neneap
287 2829 404 2894 iuquam,
423 2827 581 2892 superiorum.
623 2825 820 2894 amplectendum
830 2841 894 2884 esse,
907 2823 946 2872 rel
959 2825 1017 2872 Era.
1027 2836 1139 2884 pronun-

85 2901 154 2956 Deris.
168 2925 199 2956 ex
213 2909 292 2958 tribue
307 2909 357 2956 suis
370 2923 486 2972 amquam
500 2905 580 2966 dedit,
624 2905 676 2955 tiet.
699 2909 739 2952 Fr.
761 2903 818 2952 eod.
842 2903 983 2968 operatum,
1007 2899 1074 2947 uude
1093 2915 1139 2948 noe

85 2986 142 3046 quod
154 2999 209 3038 ente
226 3005 285 3038 eum
304 2987 376 3038 etiem
394 2988 422 3036 P.
440 2989 537 3036 Meuut.
558 2997 583 3035 et
624 2994 688 3034 recte
705 2982 800 3032 Davisii
818 2981 955 3045 exemplum
972 2977 1071 3042 sequuti
1088 2993 1140 3026 esee

85 3063 156 3116 harh.
178 3068 293 3118 lecenm.
314 3066 363 3116 Sed
384 3075 449 3115 reete
471 3066 530 3114 Era.
550 3065 583 3114 ed
625 3063 696 3112 nobie
712 3061 831 3111 videmur.
851 3049 1020 3109 tedemandus
1038 3067 1141 3105 tueretur

87 3143 196 3210 ’ὤμω
215 3147 306 3196 eedieee
322 3157 407 3210 puta:
428 3161 483 3192 nem
501 3145 582 3210 primo
625 3145 679 3190 Pur.
696 3141 851 3207 ophetarum
868 3136 990 3187 exhibere.
1012 3135 1061 3188 Sed
1081 3135 1140 3198 inde

86 3221 159 3287 incipit
170 3224 207 3273 hie
217 3241 309 3274 novum
320 3225 389 3288 quasi
401 3233 584 3288 argumentum,
625 3221 700 3272 fidem
712 3235 779 3268 enam
789 3219 830 3268 bic
840 3233 910 3282 paene
919 3225 1057 3282 suspectam
1069 3215 1140 3275 lecit,

86 3300 299 3354 ubimctoreddere
306 3303 407 3370 inquam
413 3303 487 3353 solet:
495 3303 584 3352 deinde
627 3318 702 3368 quum
714 3301 763 3350 lsoe
772 3301 853 3364 ipsum
863 3297 926 3344 dicit
937 3313 968 3346 ex
980 3295 1031 3344 suis
1044 3295 1141 3359 scriptis
1176 3314 1181 3328 ·

86 3395 140 3444 sepe
155 3381 199 3443 lit,
215 3383 356 3448 utinquam
373 3385 400 3432 in
412 3399 529 3446 umquam
542 3383 584 3432 de·
628 3381 759 3438 correxipee
769 3378 904 3428 Derieium.
915 3377 952 3424 De
962 3385 1067 3440 receptu
1080 3375 1141 3424 veri·

87 3471 203 3522 privetur:
213 3462 267 3510 vice
276 3471 356 3510 eutem
365 3461 584 3512 vuarchiacum
628 3473 677 3511 tute
689 3477 735 3510 noe
747 3459 846 3525 quidem
860 3456 922 3506 nihil
935 3455 1086 3504 dubitamus.
1104 3455 1142 3500 Ex

87 3540 211 3606 exemplum
225 3539 319 3590 nullum
331 3541 448 3592 innotuit
458 3543 521 3589 tum
528 3543 585 3602 jun·
627 3540 736 3606 neglecte
749 3539 840 3588 ultim
856 3535 958 3602 syllubu
976 3547 1035 3584 note
1048 3533 1143 3599 peccati

88 3629 167 3678 gantur
184 3621 233 3667 lere
245 3635 316 3667 nemo
332 3637 448 3684 remquam
462 3621 490 3668 in
509 3636 586 3669 enun·
629 3621 747 3684 originem
756 3634 829 3666 neno
838 3633 888 3665 nun
898 3615 973 3664 videt.
983 3612 1143 3666 G.-venit

88 3693 148 3746 elatis
156 3695 348 3760 nuiver'eulibus,
357 3698 425 3764 quod
435 3714 487 3748 nou
496 3698 538 3746 hic
547 3713 587 3746 oc·
631 3697 745 3748 Castillon
754 3714 763 3744 .·
773 3719 785 3738 α
793 3695 878 3744 Ζόιιοιι
887 3693 1002 3759 ιὸροιιάἰι
1010 3728 1018 3752 ,
1025 3692 1049 3752 je
1056 3703 1141 3755 pense:

88 3777 163 3825 currit.
171 3775 283 3840 Denique
296 3775 440 3826 confirment
452 3777 523 3828 etiem
531 3776 587 3826 vul·
629 3779 649 3828 il
661 3777 805 3828 u’edmettre
822 3777 875 3826 rien
889 3775 920 3824 de
933 3775 1057 3831 deutrus,
1072 3785 1144 3833 perce

89 3857 344 3920 nunccupantem·
357 3873 449 3916 omna.
462 3859 494 3908 G.
632 3857 741 3923 qu'ilye
752 3853 962 3906 deeehoeesdout
974 3853 991 3901 il
1003 3860 1062 3916 peut
1076 3847 1145 3895 avoir

121 3935 159 3984 13.
169 3937 336 4000 Expresserat.
349 3938 425 3986 Recte
434 3938 494 3986 Em.
504 3947 590 3988 contre
632 3939 656 3986 lu
665 3935 816 3986 certitudo».

91 4013 164 4064 Duria
179 4011 302 4077 defendit,
319 4015 361 4080 qui
379 4028 524 4082 apuam
537 4033 590 4066 eue-
672 4017 714 4065 15.
728 4015 807 4081 Quale
819 4013 893 4081 r'gitur
901 4011 990 4063 νίιιιιιι.
1005 4011 1042 4054 De
1053 4003 1113 4066 visis
1127 4003 1145 4052 ί·
