2786 4674
532 367 724 440 TIMAEUS.
1087 365 1158 464 617

72 507 169 564 que,
195 485 233 546 ad
253 485 343 565 ignis,
368 486 462 556 aeris,
481 504 578 564 aquas,
605 501 690 547 terrra
712 485 920 546 exactissimam
945 490 1159 565 generationem

71 577 403 638 accommodatissimi:
420 596 437 636 e
455 596 580 655 quorum
596 577 749 656 generibus
769 579 888 657 singulis
907 584 986 638 Deus
1005 601 1157 642 secernens

73 669 241 746 singulos,
254 680 283 727 et
294 668 418 728 invicem
426 683 658 748 contemperatos
669 670 854 749 permiscens,
866 672 953 730 totius
966 675 1159 750 generationis

74 761 261 820 mortalium
279 772 435 820 sementem
447 761 636 841 inmitemque
651 761 813 832 constituit,
830 762 899 822 dum
914 762 1047 822 rneduttae
1060 784 1096 822 ex
1112 765 1158 826 his

73 851 285 914 substantiam
303 866 470 932 procrearet
487 875 494 910 :
519 866 619 933 postea
635 873 706 914 vero
724 873 822 914 serens
841 855 871 914 in
886 875 921 914 ea
935 854 1095 914 animarum
1111 868 1158 934 g'e·

74 963 164 1002 nera
179 943 327 1022 alligavit:
341 946 447 1023 figuras
459 959 615 1026 practerea,
631 961 827 1026 quotcumque
841 960 871 1008 et
882 949 1105 1027 qualescumque
1120 971 1157 1010 ex

73 1035 213 1115 siugulis
223 1037 373 1116 speciebus
384 1037 483 1098 adesse
494 1038 628 1098 medullas
640 1041 786 1118 oportuit,
802 1053 844 1100 tot
857 1042 972 1119 penitus
986 1054 1072 1120 atque
1084 1043 1154 1101 tales

76 1129 235 1188 statimin
252 1130 346 1210 prima
360 1131 409 1190 illa
424 1129 627 1190 distributione
643 1131 789 1192 distinxit:
812 1147 841 1192 et
857 1134 937 1194 illam
957 1134 1075 1212 quidem
1092 1155 1155 1194 me-

76 1219 182 1280 dullae
198 1235 327 1300 partem,
343 1223 374 1281 in
392 1243 495 1301 quam,
508 1225 586 1283 velut
604 1245 706 1304 agrum
726 1225 895 1304 quemdam,
913 1226 1043 1287 divinum
1058 1247 1156 1288 semen

72 1311 257 1390 jaciendum
271 1327 348 1388 erat,
368 1313 516 1392 globosam
530 1329 560 1376 et
574 1317 704 1396 undique
718 1331 836 1378 teretem
852 1320 953 1380 linxit:
971 1333 1057 1399 atque
1069 1341 1156 1380 cnce-

78 1407 230 1484 phalum,
251 1407 354 1478 idest,
371 1407 540 1482 cerebrum,
563 1409 674 1469 idcirco
692 1411 787 1471 voluit
803 1413 959 1484 nominari,
984 1413 1068 1490 quia,
1082 1433 1154 1474 uno-

79 1519 211 1578 quoque
226 1499 343 1560 auimali
353 1499 479 1579 denique
492 1499 643 1571 absoluto,
659 1505 806 1564 vasculum
819 1503 932 1566 cerebri
945 1525 1037 1584 capax
1050 1505 1156 1585 cepha-

80 1597 167 1667 lum,
181 1596 213 1656 id
227 1610 283 1670 est,
296 1609 400 1676 caput,
413 1597 577 1658 vocandum
596 1612 678 1659 erat:
699 1600 781 1678 quod
800 1615 895 1661 antem
914 1602 1039 1681 reliquas
1050 1616 1155 1662 morta-

80 1683 192 1768 lesq‘ue
204 1689 305 1748 animae
317 1690 393 1748 vires
401 1689 678 1768 comprehensurum
688 1692 900 1762 emurotuodis
908 1693 992 1752 simul
1002 1691 1152 1770 oblongis-
1213 1759 1218 1772 Ι

80 1801 147 1858 que
172 1783 271 1860 liguris
293 1783 423 1854 ornavit,
450 1793 601 1862 totumque
614 1783 771 1844 medullam
783 1787 877 1845 voluit
893 1787 1053 1848 nominari:
1067 1799 1155 1863 atque

81 1893 125 1932 ex
141 1875 190 1948 iis,
214 1875 296 1954 quasi
321 1874 495 1953 quibusdam
518 1877 651 1950 ancoris,
673 1876 784 1954 jaciens
805 1878 894 1936 totius
909 1879 1010 1937 animae
1025 1877 1154 1949 vincula,

81 1967 168 2025 circa
190 1967 253 2027 illas
269 1967 330 2044 jam
354 1967 518 2027 universum
541 1981 672 2028 nostrum
698 1989 804 2048 corpus
825 1969 968 2043 absolvit,
984 1969 1150 2048 ossiumque

83 2073 207 2120 textura
223 2061 401 2119 extrinsecus
421 2079 468 2120 eas
491 2057 622 2120 fulcivit:
645 2080 679 2120 os
696 2081 767 2119 vero
791 2061 886 2138 ipsum
908 2061 949 2118 ita
966 2062 1152 2139 composuit:

84 2165 198 2212 terram
213 2166 339 2211 atterens
355 2171 459 2232 puram
477 2152 635 2230 laevamque
655 2153 770 2212 miscuit
782 2153 993 2231 madefecitque
1006 2153 1130 2212 medulla
1145 2175 1153 2210 r

82 2244 117 2302 itl
140 2258 242 2323 postea
267 2245 296 2303 iu
320 2246 413 2323 ignem
437 2244 524 2321 jecit:
551 2243 657 2303 deiude
678 2245 709 2304 iu
733 2263 838 2322 aquam
863 2247 977 2315 mersit,
1000 2265 1099 2306 rursus
1121 2246 1151 2303 in

82 2336 198 2415 ignem,
212 2337 318 2396 iterum
328 2349 359 2395 et
370 2338 401 2394 in
418 2355 543 2416 aquam:
558 2351 644 2415 atque
656 2338 697 2397 ita
715 2359 791 2417 saepe
806 2339 979 2400 transieram
994 2339 1025 2398 in
1040 2353 1151 2398 utrum-

82 2447 162 2506 que,
178 2428 233 2486 tale
253 2427 392 2496 reddidit,
415 2441 447 2488 ut
462 2449 479 2486 a
495 2442 601 2488 neutro
619 2430 760 2508 liquefieri
778 2445 892 2510 posset:
909 2432 966 2492 boc
978 2433 1068 2510 igitur
1085 2451 1153 2490 usus

82 2519 202 2597 splarera
215 2538 311 2592 casm,
326 2521 409 2598 quasi
426 2531 511 2580 tomo
523 2522 616 2596 lacta,
627 2523 781 2584 cerebrum
796 2525 1010 2603 circumsepsit,
1023 2523 1090 2582 huic
1102 2543 1151 2581 an·

82 2624 186 2688 gustos
199 2611 319 2688 reliquit
333 2625 454 2685 meatus,
469 2625 499 2671 et
514 2614 593 2674 circa
605 2616 727 2675 cervicis
741 2617 826 2674 simul
840 2615 977 2694 ‹lorsique
997 2616 1152 2674 medullam

83 2729 123 2767 ex
136 2707 202 2786 ipso
215 2709 325 2768 rotulas
336 2707 549 2787 vertiginesqne
562 2711 803 2789 effingens,qunsi
815 2712 946 2771 cardines
957 2711 1096 2780 subdidit,
1112 2713 1152 2771 ita

83 2813 119 2858 ut
130 2820 150 2859 a
162 2802 258 2878 capite
272 2820 327 2879 pet
347 2813 440 2859 totum
453 2796 651 2879 protenderit:
670 2803 712 2861 sic
726 2804 827 2879 utique
839 2823 937 2862 semen
950 2822 1036 2860 omne
1051 2823 1152 2861 serva-

83 2895 145 2966 vit,
161 2893 231 2952 dum
248 2893 363 2971 lapideo
376 2893 488 2952 ambitu
499 2895 726 2954 circumvallavit
736 2917 743 2950 :
753 2895 890 2954 articulos
901 2895 1019 2974 insuper
1029 2894 1151 2966 addidit,

82 2986 204 3048 alterius
216 2986 307 3066 ipsius
318 3000 420 3046 natura
434 3006 503 3046 naus
516 2987 546 3045 in
562 2987 645 3066 ipsis,
660 3000 805 3065 tamquam
825 2986 920 3046 media
936 2987 1062 3066 quadam
1078 2989 1149 3046 exsi-

82 3092 179 3138 stente
192 3079 338 3156 potentia,
354 3092 449 3137 tnotus
462 3080 652 3158 flexionisq'ue
665 3080 775 3159 gratia:
789 3079 945 3139 arbitratus
959 3100 1029 3139 vcro
1042 3081 1149 3139 ossium

81 3187 218 3232 naturam
234 3172 390 3232 aridiorem
412 3173 637 3252 rigidiorsmque
653 3192 740 3252 qoam
756 3187 891 3252 oporteat
906 3173 982 3246 fore,
997 3186 1041 3246 et,
1059 3191 1148 3248 quum

82 3267 175 3344 ignita
190 3265 314 3324 eraserit
334 3277 421 3341 atque
437 3265 523 3324 etiam
539 3266 704 3344 frigefacta,
725 3265 865 3324 illisuram
887 3277 1148 3343 corrupturamque

82 3361 143 3419 cito
158 3376 257 3416 semen
270 3357 433 3429 internum,
450 3376 608 3416 nervorum
622 3359 775 3436 carnisque
787 3376 875 3435 genus
887 3355 1014 3428 effinxit,
1031 3369 1063 3413 ut
1079 3375 1150 3414 ner-

81 3453 128 3510 vis
139 3449 256 3528 quidem
267 3449 396 3508 membra
407 3449 519 3526 reliqua
528 3450 736 3521 vincientibus,
749 3449 867 3508 intensis
881 3447 1063 3526 remissisque
1073 3449 1150 3508 circa
1180 3519 1182 3526 Ι

82 3544 217 3604 cardines
232 3543 324 3621 ipsos,
345 3561 451 3620 corpus
471 3560 584 3602 omnem
604 3542 641 3601 ad
659 3543 812 3602 flexionem
832 3541 1028 3602 tensionemve
1046 3561 1149 3621 prom-

80 3651 166 3716 ptum
178 3647 208 3694 ct
219 3635 291 3713 agile
305 3633 461 3694 redderet:
487 3653 556 3692 caro
578 3654 649 3693 vero
677 3647 791 3714 tegmen
809 3635 885 3693 foret
902 3634 1041 3694 adversus
1058 3635 1147 3712 frigus

82 3743 170 3808 atque
195 3729 338 3800 calorem,
356 3739 401 3800 et,
430 3723 674 3804 quemadmodum
693 3740 813 3785 externa
832 3727 964 3805 corporis
982 3726 1148 3784 fulcimenta

82 3823 194 3891 solent,
207 3820 243 3878 ad
259 3839 342 3878 casus
354 3820 452 3878 varios
469 3818 694 3890 munimentum
706 3818 866 3895 praesertim
876 3819 944 3897 quia
957 3819 1021 3876 talis
1033 3829 1096 3876 erat
1108 3819 1148 3876 lu-

83 3927 165 3983 tura,
182 3923 216 3970 ut
230 3909 357 3970 molliter
375 3911 536 3990 leniterque
551 3909 731 3988 corporibus
740 3909 878 3970 cederet:
902 3912 949 3969 cui
963 3908 1087 3968 calidum
1099 3910 1148 3969 it-

83 4009 161 4066 eirco
176 4005 328 4063 humorem
349 4001 470 4075 indidit,
488 4017 521 4061 ut
536 4016 632 4062 aestate
648 4002 765 4081 quidem
779 4003 893 4063 roscida
908 4000 1079 4078 madidaque
1091 4021 1146 4061 ex-

85 4101 223 4159 trinsecus
234 4096 286 4157 toti
299 4095 417 4174 corpori
428 4094 617 4155 domesticum
631 4094 758 4174 praebeat
772 4094 961 4184 refrigerium,
967 4092 1062 4151 hieme
1077 4111 1148 4156 vero
