2724 4690
274 411 342 456 nro
615 381 993 452 ARGUMENTUM.

306 507 374 574 dos,
390 521 479 581 quum
494 502 551 562 trle
564 499 633 580 quid
645 502 732 580 plane
740 502 998 560 inconsentaneum
1006 511 1205 579 ctoepugnanr
1213 500 1311 562 diceret.

304 596 585 658 Antiocbumsurcru
593 595 669 654 idem
679 595 840 654 accuratius
851 613 912 653 case
920 593 1063 654 rimuum.
1075 596 1251 668 Quumenim
1258 601 1312 654 Aca·

306 695 411 756 domici
425 693 456 752 hi
468 693 609 771 dogmatis
622 693 688 751 loco
701 705 861 771 ponerent,
881 679 954 750 nibil
968 711 1052 770 posse
1065 693 1191 771 percipi3
1214 695 1313 770 acrique

305 791 472 852 constitutio
484 790 573 850 totius
585 789 779 870 pbilosopbiae
787 789 886 870 regula
899 790 953 856 sit;
970 790 1028 848 boc
1036 803 1115 850 certe
1125 809 1176 850 eoo
1188 789 1311 868 dogmsiu

306 889 452 969 perceptis
467 889 631 966 relinquere
644 886 795 959 debuisse,
811 889 898 960 528,
920 906 980 963 ap.-

343 985 478 1046 llsccndit
487 985 547 1064 jam
558 983 717 1063 disputatio
732 984 833 1058 altius,
848 999 878 1042 et
888 997 1019 1043 usturam
1030 983 1157 1044 bominis
1164 984 1253 1063 msam
1262 1002 1313 1061 spe-

304 1097 362 1143 ctat
377 1107 384 1142 :
399 1097 507 1162 quanta
519 1083 697 1161 perfectione
710 1081 748 1140 sit
760 1101 850 1159 quum
860 1081 988 1140 animans
997 1101 1099 1154 omne,
1116 1093 1178 1140 tutu
1186 1081 1268 1140 bomo
1279 1099 1315 1160 po

304 1181 444 1241 tissimum
455 1203 464 1253 3
477 1199 542 1258 qum
555 1179 600 1239 vis
615 1179 645 1236 iu
656 1179 803 1253 sensibus,
820 1193 849 1238 et
860 1193 970 1251 mente,
981 1199 1046 1256 quae
1057 1199 1194 1238 sensuu-
1207 1181 1267 1241 lons
1275 1179 1314 1248 sit,

303 1279 349 1337 rel
367 1279 430 1358 ipse
450 1277 548 1356 potius
567 1293 688 1347 sausus;
718 1295 835 1354 quaque
853 1276 943 1335 bomo
955 1275 993 1335 ad
1013 1275 1184 1349 triennum,
1212 1277 1315 1353 viteque

303 1377 492 1434 constantiam
504 1375 541 1434 sit
550 1373 724 1453 aptissimus.
735 1377 874 1433 Eros-tero
887 1393 957 1452 ergo
971 1393 1036 1447 eos,
1054 1373 1106 1452 qui
1127 1370 1316 1453 comprehendi

305 1470 464 1550 quidquam
478 1490 562 1550 posse
581 1481 704 1550 negent,
729 1471 835 1542 vitam,
860 1484 891 1528 et
903 1469 1009 1530 orbruc
1024 1471 1199 1530 animantem
1213 1472 1313 1537 animo,

304 1575 319 1642 ς
335 1569 392 1640 30,
420 1570 467 1628 3ι.
484 1573 568 1641 (llrsc
583 1569 760 1627 contractius
776 1569 931 1641 Lucullum,
948 1589 985 1628 nc
1008 1587 1091 1628 ausas
1112 1569 1276 1628 adversariis
1290 1586 1316 1624 ex

304 1687 402 1726 rerum
416 1665 601 1726 abstrusiute
617 1665 794 1745 preberet.)

344 1769 475 1844 Negstur
485 1763 591 1823 deinde
606 1783 773 1843 apparere,
789 1783 849 1842 quo
862 1765 984 1824 oonsilio
997 1765 1047 1824 isti
1062 1764 1108 1823 sic
1120 1773 1265 1836 statuant,
1279 1776 1318 1821 aut

303 1863 545 1942 quidinundant.
560 1863 681 1922 sienim
701 1862 855 1940 queraris,
877 1861 988 1924 incerta
1008 1861 1070 1922 lere
1086 1864 1187 1922 omnia
1207 1915 1214 1940 ‚
1234 1865 1256 1922 si
1265 1879 1317 1940 quae

304 1973 430 2019 stamaut
442 1979 513 2018 vcra
524 1959 598 2031 siut;
617 1972 678 2018 tum
689 1959 776 2028 istos,
797 1957 828 2018 id
843 1957 917 2020 nibil
935 1959 972 2030 ad
987 1979 1069 2028 sose,
1091 1980 1147 2018 nco
1165 1961 1240 2020 bono
1251 1961 1317 2040 ipso

305 2075 369 2114 rum
386 2057 502 2136 culpam
516 2076 597 2128 osse,
612 2055 663 2114 sed
680 2069 800 2114 namra.
816 2055 899 2115 Alios
914 2056 1045 2135 eupitius
1061 2057 1178 2130 lacere,
1194 2061 1247 2136 qui
1260 2058 1319 2115 iuter

303 2149 431 2221 iocata,
445 2161 476 2206 et
490 2167 542 2219 ca,
557 2167 622 2224 quas
635 2148 748 2227 percipi
761 2148 964 2226 nonpossint,
976 2147 1172 2227 distinguunt,
1185 2148 1319 2229 probabile

305 2240 444 2320 quiddam
459 2253 616 2299 stamcntcs
629 2239 737 2298 critcrii
748 2241 900 2318 utriusque
912 2241 998 2315 (voti,
1015 2240 1152 2321 vitaeque)
1167 2243 1244 2314 loco,
1259 2241 1318 2313 §32

303 2338 362 2400 s'ed
376 2338 490 2396 nullum
503 2336 567 2396 dari
581 2336 730 2396 criterium
741 2337 859 2397 notione
874 2339 938 2396 veri
951 2338 1072 2416 falsique
1087 2339 1230 2412 confusa,
1244 2359 1275 2397 ue
1288 2337 1319 2393 ul

305 2437 361 2496 lum
376 2433 505 2494 veritatis
516 2447 614 2492 uotam
631 2433 758 2512 quidem.
783 2441 856 2496 Nom
870 2435 1000 2514 ineptum
1015 2436 1071 2496 boc
1084 2457 1161 2506 csse,
1184 2439 1210 2496 si
1226 2437 1321 2505 dicant,

302 2533 422 2611 reliquis
436 2532 585 2605 admissis,
601 2531 631 2590 id
648 2551 738 2594 unum
753 2552 857 2592 senon
873 2533 1033 2594 concedere
1048 2579 1057 2607 ‚
1075 2554 1162 2612 posse
1176 2535 1319 2614 quidquam

302 2629 437 2712 (rerum)
455 2629 568 2698 videri,
593 2627 673 2706 quod
689 2649 748 2688 uon
765 2651 848 2708 aequc
864 2631 967 2692 falsum
982 2652 1100 2710 quoquc
1118 2632 1214 2692 videri
1227 2632 1320 2711 possit,

303 2747 394 2806 quum
405 2726 435 2786 id
451 2726 567 2796 tollunt,
583 2745 670 2803 aquo
681 2727 744 2786 solo
756 2743 843 2786 omne
851 2729 912 2786 veri
916 2727 1059 2804 judicium
1073 2728 1209 2806 pendeat
1218 2735 1321 2806 Semper

303 2826 391 2902 igitur
402 2822 439 2882 ad
452 2823 506 2882 visi
519 2821 716 2882 definitionem
733 2825 770 2903 (u
784 2828 901 2884 Zenone
917 2824 1114 2904 propositum)
1130 2824 1321 2886 revertendum

301 2941 365 2980 csse
379 2941 386 2978 s
403 2921 433 2978 in
450 2939 508 2997 qua
521 2917 546 2978 si
559 2919 751 2978 communitus
765 2939 832 2980 cum
846 2921 919 2980 falso
932 2919 1121 2994 admittatur,
1137 2923 1202 2982 veti
1212 2921 1319 2996 falsique

299 3017 457 3097 judicium,
469 3017 594 3076 confusis
611 3017 673 3076 veri
690 3017 810 3094 salsique
824 3016 920 3090 notis,
943 3019 1055 3078 nullum
1072 3020 1147 3090 erit,
1172 3026 1188 3093 S
1205 3022 1256 3091 33,
1279 3019 1319 3084 34.

303 3117 439 3178 Similiter
452 3134 549 3174 errare
561 3113 678 3174 eosdem
689 3157 697 3184 ‚
709 3132 799 3192 quum
812 3116 964 3194 perspicus
977 3137 994 3176 a
1006 3117 1320 3196 perceptisdistinguerc

301 3225 461 3285 conentur,
477 3224 507 3269 ct
516 3231 617 3270 vorum
630 3211 660 3270 iu
673 3211 769 3270 auimo
779 3211 896 3290 quidun
909 3213 1080 3291 impressum
1092 3255 1101 3282 ,
1111 3213 1165 3273 sed
1178 3212 1255 3292 quod
1264 3230 1321 3290 per·

304 3309 543 3386 cipinoupos'set,
554 3307 673 3366 dicunt:
691 3309 800 3370 nullum
812 3310 889 3368 cuim
904 3311 1045 3370 rationem
1059 3330 1131 3386 esse,
1145 3311 1320 3371 undeveum

304 3406 395 3464 tuenti
428 3405 617 3482 impressum,
640 3417 768 3474 statuas.
795 3407 821 3466 si
844 3407 997 3484 dijudicari
1011 3423 1151 3487 nequest,
1177 3430 1261 3482 vere,
1287 3425 1320 3462 ²1¹

304 3501 376 3560 lalso
393 3502 503 3560 auduus
514 3502 618 3560 sentiat
628 3545 636 3575 ,
646 3507 670 3575 ,5
687 3503 734 3570 34.

343 3595 400 3658 Sed
416 3597 439 3656 si
454 3616 586 3674 quseras,
614 3597 767 3676 qualenam
782 3599 854 3662 illud
866 3600 987 3662 istorum
1002 3600 1158 3679 probabile
1174 3605 1238 3663 sit?
1252 3600 1319 3666 sire,

302 3693 382 3770 quod
396 3694 513 3771 cuique,
526 3695 622 3772 primo
634 3697 714 3756 velut
722 3695 871 3774 adspectu,
884 3697 1049 3774 objiciatur,
1062 3698 1094 3758 id
1108 3700 1166 3759 tale
1178 3699 1320 3778 accipiant

303 3791 364 3850 siue
375 3791 583 3868 circumspecto
590 3791 702 3868 judicio
711 3793 937 3854 consideratum:
950 3807 1045 3856 umen
1057 3797 1234 3870 mshaercre,
1242 3809 1319 3872 quum

305 3889 410 3966 partim
425 3887 503 3958 visu,
516 3887 623 3965 quibus
638 3889 718 3948 nullu
735 3890 812 3950 adsit
821 3891 971 3970 judicandi
984 3913 1101 3964 uormso²
1116 3897 1198 3954 omui
1212 3893 1320 3954 lidem-

305 4001 400 4059 rcout;
416 3985 520 4065 partim
530 3986 609 4064 quod
616 3989 785 4066 sapientem,
795 3990 848 4050 etsi
857 3989 975 4067 quidem
985 3990 1206 4069 diligentissime
1213 3987 1319 4054 esurit.

301 4098 397 4144 tamen
408 4087 507 4142 crrur'c
515 4102 600 4161 posse
612 4083 709 4142 dicant
724 4113 730 4146 :
744 4085 783 4146 ita
794 4087 872 4144 euim
885 4105 998 4150 omnem
1012 4089 1075 4148 veri
1086 4087 1249 4150 inveniendi
1261 4101 1322 4163 per·
