2770 4688
240 353 285 425 as
600 359 929 431 invnouuono.

282 477 314 542 s.
331 477 545 568 Speusippus,
562 479 618 566 qn
636 497 711 569 poss
727 481 897 550 ansonem
911 475 1117 542 Andaniam
1130 475 1258 551 tenuit,
1275 493 1312 540 et

237 582 446 662 Xenocrates,
456 585 749 673 ceteriquevetcrcs
759 583 940 650 Academici
950 603 1054 671 usque
1064 581 1106 646 ad
1115 581 1311 664 Arcesilam,

236 712 352 778 pamm
374 713 394 754 a
418 691 560 756 Platonis
578 715 677 757 sensu
694 691 874 776 abludunt,
895 707 933 758 ut
949 691 1095 779 ipsorum
1111 687 1152 752 de
1171 689 1311 752 criterio

235 795 401 858 sententiae
420 819 439 858 a
456 795 554 860 Sexto
573 795 621 886 (1)
641 798 824 887 Pyrrhonio
847 797 952 861 relatas
974 793 1161 861 ostendunt.
1187 795 1313 858 Cetera
1380 805 1381 880 J

236 901 331 966 etiarn
343 901 483 966 Platonis
494 903 691 992 antiquaque
701 904 826 969 decreta
838 903 1008 992 diligenter
1016 901 1056 966 ab
1066 901 1104 966 iis
1115 917 1312 965 conservata

236 1021 334 1094 atque
350 1005 497 1090 defensa,
512 1006 599 1096 apud
618 1009 808 1074 Ciceronem
820 1007 868 1098 (a)
882 1008 1040 1096 scriptum
1054 1020 1116 1088 est,
1133 1027 1173 1068 ex
1185 1006 1312 1068 Antio-
1380 1047 1381 1052 κ

235 1111 306 1194 chi,
318 1113 409 1192 cujus
421 1113 466 1175 ibi
477 1129 583 1202 partes
592 1115 694 1180 Varro
707 1117 790 1206 agit,
803 1115 969 1180 sententia.
984 1115 1106 1178 Tamen
1118 1110 1313 1176 Numenius

235 1217 469 1307 Pythagoricus
480 1218 526 1308 (3)
542 1219 689 1285 eamdem
698 1222 765 1285 lere
774 1221 963 1310 dogmatum
974 1217 1313 1283 indolcmeatantum

235 1324 360 1388 ratione
393 1323 480 1412 apud
509 1348 564 1392 eos
593 1327 807 1414 permansisse
832 1325 1006 1408 concedit,
1034 1323 1124 1412 quod
1153 1319 1311 1386 nondum
1380 1341 1381 1408 ᾗ

235 1429 370 1493 celebris
382 1429 435 1494 illa
442 1431 555 1518 epoche
559 1479 570 1512 ,
582 1432 807 1522 ejusmodique
816 1431 1015 1497 aliainducta
1028 1427 1314 1514 essent.Na1nque

236 1533 326 1621 quod
344 1533 386 1598 ad
403 1535 526 1626 reliqna
543 1537 685 1603 Platonis
701 1539 830 1627 placita,
849 1537 928 1602 alios
943 1532 1076 1625 quidem
1096 1534 1207 1615 citius,
1226 1533 1313 1598 alios

235 1641 415 1728 posterius,
431 1642 472 1708 ab
490 1665 531 1708 eo
549 1642 751 1726 discessisse,
773 1644 949 1730 multisque
969 1639 1074 1706 modis
1091 1639 1219 1704 decreta
1236 1640 1313 1728 ipsa
1380 1629 1381 1698 ἕ

237 1766 406 1813 enervasse
427 1765 460 1815 et
481 1749 649 1816 invertisse
671 1750 825 1833 affirmat,
850 1765 884 1814 et
906 1747 1016 1814 dolere
1037 1770 1072 1812 se
1094 1745 1212 1828 idaia,
1240 1746 1313 1810 sive
1380 1733 1381 1740 ἵ

237 1854 388 1918 consulto
401 1854 483 1937 boc,
499 1856 565 1920 sive
577 1878 636 1944 per
649 1855 918 1946 imprudentiam,
934 1869 991 1920 aut
1004 1853 1078 1936 alia,
1093 1851 1219 1916 utinam
1237 1873 1312 1914 non

238 1957 424 2042 ambitiosa,
441 1983 536 2026 causa
552 1961 593 2026 ab
609 1963 686 2052 ipsis
702 1961 801 2030 fuerit
815 1960 1003 2027 admissum.

414 2132 433 2207 §
451 2126 493 2192 ll.
508 2126 567 2190 ⁴Dc
581 2127 749 2210 Arcesila,
770 2144 801 2193 et
821 2127 925 2192 medab
942 2126 1128 2224 Academia.

282 2309 314 2373 7.
331 2287 375 2350 At
389 2309 467 2351 vero
480 2288 637 2354 Arcesilas
652 2289 693 2354 ab
709 2289 841 2372 Stoicis,
857 2255 1122 2379 philosophisque
1134 2286 1312 2369 omnibus,
1380 2255 1381 2336 i

239 2395 296 2482 qui
305 2393 487 2458 Academici
496 2417 565 2459 non
575 2397 652 2479 sint,
662 2411 828 2484 tamquam
837 2411 984 2478 novator,
994 2395 1176 2482 veterisque
1185 2394 1312 2474 omnis,
1380 2383 1381 2462 ἕ

239 2521 307 2563 non
339 2499 511 2565 Platonicae
544 2502 666 2584 modo,
700 2501 874 2592 disciplinae
909 2522 1037 2567 eversor
1070 2498 1312 2566 manifestarius
1380 2491 1381 2558 ἶ

237 2623 437 2670 accusatur:
465 2629 608 2694 namque
636 2631 766 2695 «quum
794 2608 860 2690 jam
893 2609 965 2696 (ait
994 2605 1082 2696 apud
1114 2606 1312 2670 Ciceronem
1380 2651 1381 2654 κ

239 2713 414 2796 Lucullus,
445 2735 514 2803 cap.
540 2713 589 2801 5)
622 2714 894 2804 philosophorum
916 2715 1092 2803 disciplinae
1115 2712 1313 2802 gravissimae

238 2819 475 2900 constitissent,
492 2833 563 2882 tum
580 2835 711 2884 exortus
728 2837 794 2904 est,
812 2836 851 2885 ut
866 2822 901 2886 in
916 2822 1038 2910 optima
1055 2818 1222 2908 republica
1233 2817 1311 2882 Tib.

240 2924 422 3005 Gracchus,
439 2925 496 3013 qui
512 2925 617 2989 otium
632 2927 854 3014 perturbaret,
869 2929 916 2993 sic
928 2928 1098 3008 Arcesilas,
1115 2925 1173 3013 qui
1185 2926 1312 2990 consti-
1380 2985 1381 3016 3

238 3047 341 3096 tutam
371 3031 610 3121 philosophiam
642 3051 818 3118 everteret,
851 3035 943 3100 etin
973 3055 1088 3098 comm
1116 3033 1312 3097 auctoritate

239 3137 457 3223 delitesceret,
484 3140 541 3227 qui
569 3141 771 3228 negavissent
797 3140 976 3231 quidquam
1004 3141 1077 3205 sciri
1103 3155 1160 3204 ant
1185 3139 1313 3229 percipi
1380 3173 1381 3184 .

238 3266 333 3334 posse
345 3276 368 3308 a.
388 3242 485 3334 Apud
497 3245 707 3311 Plutarchum
716 3247 763 3335 (A)
778 3249 876 3312 Stoici
890 3247 1022 3337 quidam
1032 3245 1207 3310 Arcesilam
1219 3261 1312 3310 vete-

238 3371 355 3436 resque
380 3364 455 3438 post
477 3371 553 3414 eum
575 3351 801 3434 Academicos,
826 3353 1017 3442 «Sophistas
1040 3367 1073 3416 et
1093 3350 1311 3439 philosophiae
1380 3349 1381 3424 ζ

241 3470 364 3544 pestes,
388 3453 660 3547 decretorumque
686 3475 771 3522 recta
798 3459 848 3523 via
875 3458 1123 3548 procedentium
1145 3479 1310 3521 eversores
1380 3505 1381 3512 .

240 3582 277 3625 ac
293 3559 555 3644 deturbatores,u
572 3563 785 3653 appellabant.
808 3563 908 3647 Quod
925 3581 1035 3629 autem
1056 3586 1133 3628 eum
1148 3562 1203 3628 sub
1223 3563 1313 3626 cnti-
1380 3559 1381 3562 '

277 3736 316 3804 (1)
332 3737 455 3796 unm,
470 3739 826 3805 adversnsMstbcmaticos(1.
838 3740 953 3790 adversus
966 3742 1095 3808 Logicos),
1107 3752 1166 3789 sect.
1180 3743 1310 3801 sta-149,
1380 3745 1381 3808 i

243 3842 300 3892 pag.
313 3833 437 3884 loo-coa.
1380 3833 1381 3838 ’

278 3915 316 3982 (a)
334 3916 448 3963 Acadcm.
460 3915 504 3963 lib.
519 3920 544 3974 1,
562 3931 617 3980 cap.
630 3933 655 3978 9.

276 4001 314 4065 (3)
332 4003 409 4067 Apud
421 4003 510 4052 Enseb.
523 4005 798 4066 Praep.,Ev.1ib.xtv,
814 4023 867 4072 cap.
878 4009 902 4068 δ’,
915 4025 940 4073 p.
955 4026 1014 4072 727,
1028 4010 1044 4056 b
1056 4021 1079 4058 et
1091 4026 1113 4056 c.

275 4089 313 4154 (a)
331 4089 453 4138 Plutarch.
468 4089 499 4138 dc
514 4091 684 4141 communibus
696 4096 790 4143 notitiis
800 4096 856 4145 adv.
872 4098 968 4146 Stoicos
978 4133 985 4160 ,
996 4113 1052 4162 pag.
1065 4097 1148 4159 1059,
1167 4113 1188 4144 a.
