2770 4688
296 393 333 460 P.
361 387 603 459 VALENTIAE
626 386 908 458 AGADEMICA.
1088 385 1128 459 51

66 516 119 605 qui
141 514 224 580 mue
251 509 479 576 definitionem
501 512 595 576 istam
613 509 865 591 commendant,
881 525 915 575 et
932 511 1137 600 Acatalepsim

68 621 282 688 fondamento
296 634 448 682 utuntur.
461 616 531 682 Nisi
546 616 636 704 quod
656 617 754 682 Stoici
776 615 893 680 multas
911 615 1071 697 ejusmodi
1086 619 1135 682 vi·

67 731 165 794 tiones
184 749 259 794 esse
278 724 487 813 pertinaciter
509 739 691 788 asseverant
713 745 722 786 :
749 721 930 787 Academici
953 745 1013 788 nec
1035 745 1134 789 unam

67 833 198 922 quidem
216 831 317 896 talem
336 850 494 917 umquam
513 828 705 918 contigisse,
728 843 786 892 aut
812 829 1000 918 contingere
1024 851 1138 918 posse,

66 940 214 1027 probant.
243 939 354 1024 Atque
376 935 459 1002 adeo
483 957 600 1023 quum,
619 935 668 999 uti
689 935 798 1017 aiunt,
824 934 952 1000 nullum
969 937 1075 1000 visum
1098 937 1139 1002 sit

67 1044 174 1133 (quod
190 1041 237 1108 ad
253 1043 339 1106 hanc
363 1039 664 1130 comprehendendi
685 1063 793 1106 reram
820 1039 979 1105 rationem
997 1042 1140 1130 attinet)

68 1149 152 1238 quod
174 1145 416 1236 comprehendi
431 1148 552 1235 possit,
572 1146 775 1212 retinendam
787 1147 1006 1211 assensionem
1022 1149 1139 1213 merito
1194 1143 1198 1149 ’

69 1257 126 1321 sibi
140 1253 303 1320 ridentur
319 1269 471 1318 statuere.
491 1255 597 1341 Atque
623 1251 664 1317 de
683 1253 744 1317 hac
760 1275 826 1316 una
842 1275 877 1318 re
893 1268 961 1317 tota
975 1253 1042 1316 fere
1060 1275 1140 1318 con·

70 1348 198 1426 certatio
214 1375 285 1424 est:
302 1359 364 1422 illis
381 1379 442 1446 pro
459 1357 626 1440 sensibus,
641 1356 894 1442 consuetudine,
912 1358 1141 1449 perspicuitate

70 1483 98 1532 et
108 1467 240 1532 ratione
255 1463 537 1554 depugnantibus3
549 1465 616 1548 his,
627 1463 660 1528 id
674 1481 739 1548 est,
755 1465 971 1549 Academicis,
985 1487 1141 1530 sensuum

72 1569 384 1658 consuetudinisque
407 1571 565 1636 universae
585 1593 623 1635 ao
646 1571 883 1660 perspicuitatis
912 1572 1143 1659 rationumque

72 1681 241 1761 omnium,
261 1675 352 1766 quod
378 1676 512 1765 quidem
541 1677 583 1742 ad
610 1676 697 1742 aliud
723 1677 889 1766 quidpiam
918 1676 1144 1766 probabilitate

75 1787 171 1866 majus
182 1782 410 1873 praestandum
427 1784 538 1865 faciat,
558 1783 719 1866 judicium
736 1783 967 1848 damnantibus
979 1807 1017 1848 ac
1027 1782 1145 1849 dilace-

58 1967 59 1975 ἵ
75 1892 231 1956 rantibus.
246 1890 335 1954 Hinc
347 1905 396 1954 tot
411 1889 585 1979 Chrysippi
597 1890 715 1978 scripta
730 1911 791 1978 pro
801 1891 950 1954 sensibus
961 1905 993 1954 et
1007 1913 1146 1955 consue-

75 1997 183 2063 tudine
199 1996 398 2078 laudantur,
422 2012 536 2084 totque
552 1996 823 2062 Academicorum
844 1997 1011 2062 contrarie
1030 1996 1144 2086 dispu-

75 2105 219 2168 tationes.
236 2103 339 2168 Stoici
348 2101 452 2192 ,apud
461 2103 674 2168 Plutarchum
686 2102 733 2190 (1)
746 2151 754 2183 ,
768 2107 880 2182 npdtltsu
895 2117 939 2174 τῆς
954 2113 1098 2183 ὒναργείας,
1112 2104 1146 2168 ld

78 2225 136 2290 eat,
151 2209 325 2274 evidentiae
340 2207 489 2274 advocati
502 2223 534 2274 et
545 2213 681 2296 patroni
687 2254 697 2289 ,
716 2207 1001 2298 cognominantur.
1019 2205 1147 2274 Pharo·

78 2315 163 2380 rinus
181 2314 398 2382 Academicus
422 2331 486 2380 tres
513 2313 613 2380 libros
640 2312 792 2378 adversus
814 2312 1147 2403 comprehendentem

78 2420 276 2507 phantasiam
294 2421 441 2510 scripsit,
457 2436 496 2484 ut
510 2419 653 2486 Galenus
668 2418 714 2508 (a)
732 2421 852 2483 refert:
869 2415 926 2507 qui
940 2421 1037 2484 etiam
1052 2419 1148 2487 tradit

78 2524 274 2590 Carneadem
292 2547 354 2590 nec
364 2523 447 2590 illud
462 2523 594 2611 quidem
611 2524 808 2589 concessisse
818 2522 865 2611 (3)
874 2523 886 2606 ,'
907 2545 999 2612 «quae
1010 2524 1077 2589 duo
1089 2527 1148 2590 uni

78 2632 215 2719 cuipiam
232 2631 369 2719 oequalia
386 2631 468 2713 siat,
485 2643 603 2696 mutuo
626 2632 721 2695 etiam
739 2630 873 2717 aequalia
890 2653 987 2696 essen.
1005 2631 1079 2718 lpse
1097 2633 1150 2696 Ci-

80 2755 151 2796 oero
164 2732 213 2820 (4)
232 2732 448 2798 Geometricis
465 2732 517 2796 his
534 2732 702 2798 elementis
719 2755 787 2796 non
804 2733 946 2796 multum
963 2733 1149 2819 acquiescit.

83 2835 202 2918 Verum
215 2840 385 2905 enimvero
398 2838 546 2911 nondum
560 2835 601 2902 ad
615 2835 820 2904 Academiam
838 2835 1029 2901 divertimus
1047 2861 1054 2901 :
1074 2855 1153 2904 sunt

84 2944 166 3008 enim
192 2944 302 3012 Stoica
329 2944 399 3010 hmo
425 2944 562 3033 amplius
586 2942 806 3032 expedienda,
832 2965 935 3032 quum
962 2943 1027 3008 sint
1047 2925 1151 3033 impei-
1191 2953 1193 2957 ’

84 3047 206 3116 ditiora.
821 3105 823 3110 .

128 3155 316 3244 27.1gimr‚
336 3153 480 3242 primum
488 3152 536 3240 (5)
548 3171 740 3220 occurrente
756 3153 924 3242 phantasia
936 3153 1064 3218 animus
1078 3175 1152 3244 per—

86 3259 224 3341 cellitur3
241 3277 314 3326 nrm
332 3281 443 3342 mens,
459 3275 497 3323 ut
519 3283 592 3347 quae
609 3257 816 3326 discernendi
832 3259 931 3322 habet
948 3257 1151 3344 facultatem,

85 3365 282 3454 radonisque
295 3382 330 3430 et
345 3367 539 3432 elocutionis
549 3389 612 3432 usu
623 3383 674 3432 cst
685 3366 835 3456 predita,
853 3363 1008 3453 quidnam
1019 3365 1061 3430 sit
1072 3365 1152 3432 illud

86 3469 173 3554 quod
195 3471 399 3559 phantasiam
419 3472 589 3553 immittit,
616 3470 704 3561 apud
727 3495 761 3536 se
779 3472 927 3535 enuntiat
953 3494 962 3536 ε
989 3487 1028 3534 ut
1055 3489 1151 3560 puta,

87 3574 151 3638 albi
164 3577 242 3641 risio
260 3593 311 3642 est
335 3577 414 3642 haec.
431 3579 478 3642 Ac
500 3577 660 3666 siquidem
682 3578 764 3642 nihil
780 3577 954 3667 impediat,
968 3575 1008 3641 vid
1022 3593 1091 3661 est,
1115 3595 1152 3641 ut

124 3772 162 3838 (a)
178 3777 212 3823 lle
226 3775 402 3824 communibus
414 3777 516 3825 Notitiis
529 3777 645 3826 adversus
657 3776 761 3825 Stoicos.

124 3857 163 3924 (a)
175 3863 291 3926 Galenus,
303 3863 334 3912 dc
345 3864 441 3927 optimo
451 3863 557 3913 docendi
568 3867 673 3924 Genera,
685 3879 745 3930 pag.
754 3867 803 3928 498
811 3900 818 3925 ,
827 3863 852 3914 b.

124 3947 163 4011 (3)
173 3951 250 4012 idem,
268 3952 300 4000 da
310 3952 408 4016 optimo
420 3953 528 4017 ‹loomdl
540 3955 604 4003 Gen.
615 3969 672 4018 pag.
684 3963 747 4016 499.
761 3953 785 4003 d.

124 4033 163 4099 (A)
178 4038 206 4084 la
218 4037 320 4087 hacrdlo
329 4027 411 4103 ,'cap.
421 4041 463 4089 36.

127 4123 156 4186 (⁵
166 4128 241 4176 hart.
253 4130 280 4176 in
299 4128 417 4193 Zenone,
425 4128 469 4178 lib.
477 4131 525 4180 vn
534 4165 542 4193 ,
552 4141 610 4180 sect.
625 4141 677 4196 49,
689 4132 816 4196 pag.395.

975 4217 1095 4318 l.
