2784 4666
522 316 713 392 murus.
1073 325 1145 420 ⁶⁰7

80 437 259 516 angulorum
286 437 465 511 laterumque
487 433 694 509 subtilitatem,
720 437 895 514 parvitatem
920 443 1146 520 particularum,

81 541 184 590 motus
199 527 393 598 velocitatem,
409 524 515 603 quibus
536 526 671 588 omnibus
687 529 842 590 vehemens
862 544 893 592 ct
912 546 1067 609 penetrem
1087 553 1146 612 ext,

81 623 301 699 velociterque,
315 619 393 697 quod
406 618 549 690 occurrit,
563 618 669 678 diuidit
681 639 796 700 semper
808 634 839 682 et
850 620 989 702 dissipat,
1010 631 1147 692 conside-

81 733 153 774 rare
166 711 321 784 debemus,
331 713 430 789 figure
444 711 535 790 ipsius
546 711 759 789 generationem
772 714 912 776 rnemoria
925 729 1102 794 repetentes:
1113 741 1147 784 ea

80 804 211 882 quippe,
223 823 282 863 uon
297 804 353 862 alia
362 816 482 875 uatum,
498 822 620 881 corpora
631 816 730 864 nostre
741 803 885 878 dividens,
899 819 929 866 et
939 807 969 866 in
980 823 1075 888 partes
1089 815 1147 874 exi·

80 916 160 974 guas
172 898 315 975 partiens,
332 896 437 956 merito
450 895 609 972 passionem
622 895 717 966 illam,
731 915 796 974 quet
811 897 937 976 legitime
953 902 1034 960 calor
1052 905 1146 964 nomi·
1245 955 1249 963 ,

79 1001 184 1061 namt,
197 988 325 1050 inducit:
339 986 484 1046 contraria
497 1006 565 1046 vero
577 987 645 1046 huic
657 987 768 1064 pessio,
782 989 851 1048 licet
861 991 967 1068 cuique
978 993 1145 1070 manifeste,

79 1101 138 1142 suu
154 1094 249 1142 tamen
264 1080 465 1156 explanatione
478 1099 537 1138 uon
551 1093 663 1140 careat:
685 1080 811 1142 humidae
830 1101 953 1160 namque
967 1097 1064 1161 partes
1077 1109 1147 1148 con

78 1193 208 1252 porum,
227 1173 359 1251 partibus
373 1172 478 1232 nostris
494 1172 620 1232 humidis
637 1172 819 1251 grandiores,
834 1195 924 1252 quum
934 1177 965 1236 in
982 1197 1088 1256 corpus
1099 1183 1147 1242 in.

78 1267 179 1328 fluunt
191 1279 339 1338 nostrum,
359 1266 485 1326 minores
503 1265 622 1342 'quidem
639 1277 734 1342 partes
748 1265 921 1342 extrudunt,
937 1268 988 1327 sed
1001 1270 1031 1330 in
1046 1291 1146 1334 earum

77 1356 168 1416 sedes
184 1377 245 1418 sese
257 1357 404 1420 insinuare
416 1377 475 1416 uon
491 1371 628 1436 possunt:
644 1356 796 1418 humorem
816 1372 911 1420 sutem
927 1373 1057 1422 nostrum
1077 1385 1146 1426 coe·

77 1448 203 1524 gulant,
220 1463 307 1525 atque
323 1469 359 1508 ex
378 1449 514 1528 inaequali
527 1461 556 1507 et
574 1449 681 1528 agitato
700 1447 878 1511 immobilem
896 1467 1017 1532 propter
1029 1459 1146 1534 muli.

79 1551 172 1602 tatem
184 1544 394 1620 coagulumque
411 1542 534 1613 iaciunt,
550 1543 638 1619 inque
650 1553 802 1620 angustum
814 1558 935 1616 cogunt:
952 1547 1031 1623 quod
1048 1565 1144 1612 autem

77 1645 190 1708 praeter
207 1647 338 1694 naturum
357 1647 489 1694 coactum
509 1645 566 1704 est,
587 1631 744 1694 secuudum
761 1647 893 1696 nntttrsm
907 1638 1042 1698 renititur
1057 1661 1145 1720 seque

77 1739 201 1784 revocat
214 1727 243 1786 iu
254 1725 449 1788 contrarium:
467 1725 496 1782 in
511 1724 564 1784 bac
579 1725 768 1785 reluctatione
783 1727 1023 1807 quassationeque
1036 1743 1145 1794 tremor

63 1815 220 1893 rigorque
228 1814 377 1876 consistit:
391 1816 542 1892 omnisque
553 1815 720 1892 hujusmodi
729 1819 824 1893 passio
836 1818 940 1896 frigus,
949 1821 1066 1898 quodve
1079 1845 1142 1886 eum

74 1907 182 1981 infert,
195 1907 329 1985 frigidum
343 1907 515 1965 nominatur.
531 1911 645 1968 Durum
658 1918 754 1966 autem
774 1907 895 1970 dicimus
913 1911 1001 1982 illud,
1016 1915 1062 1973 cui
1074 1937 1142 1976 earo

74 2013 183 2060 nostra
198 1999 289 2058 cedit:
304 1998 405 2066 molle,
420 1996 499 2074 quod
515 1999 614 2058 carni:
631 2017 734 2073 resque
747 1998 823 2076 ipsas
838 2002 961 2062 invicem
972 2017 1001 2063 et
1015 2005 1103 2068 duras
1113 2024 1144 2070 et

74 2092 184 2150 molles
197 2088 297 2150 eadem
313 2091 426 2148 rationo
440 2108 590 2148 vocemus:
605 2089 682 2148 cedit
701 2083 810 2163 autem,
826 2091 969 2171 quidquid
986 2117 1078 2175 perro
1093 2103 1142 2160 ni.

75 2185 177 2242 titur:
197 2181 277 2258 quod
294 2201 365 2240 vero
385 2201 421 2240 ex
444 2181 667 2259 triangularibus
691 2179 809 2248 basibus
824 2185 1065 2268 firmamentisque
1080 2209 1143 2266 est,

74 2285 184 2350 utpote
196 2275 285 2352 plano
299 2273 482 2347 vehementer
495 2273 635 2346 innixum,
649 2273 784 2334 renititur
794 2277 916 2336 maxime
926 2293 1013 2359 atque
1022 2285 1141 2346 resistit:

73 2365 198 2443 quodve
208 2385 390 2444 summopere
404 2364 524 2426 densum
535 2378 596 2438 est,
611 2378 712 2426 contra
730 2369 875 2430 venientia
890 2371 1077 2437 vehementer
1088 2397 1140 2438 re·

74 2459 215 2536 percutit.
229 2464 325 2518 Grave
338 2470 477 2537 preterea
488 2471 517 2516 et
531 2457 592 2516 leve
603 2477 668 2517 eum
681 2479 716 2528 ec
730 2473 833 2520 natura
845 2461 1016 2542 simulque
1027 2487 1141 2527 sursum

75 2549 253 2611 deorsumve
272 2550 394 2622 dicitur,
415 2549 645 2612 commodissime
667 2549 884 2614 declarabitur:
907 2552 958 2611 sed
972 2557 1045 2614 illud
1060 2558 1139 2618 dictu

76 2641 238 2703 absurdum
249 2655 307 2714 est,
331 2661 392 2702 esse
405 2641 464 2700 duo
475 2641 607 2718 quaedam
619 2655 722 2700 natum
733 2642 813 2712 loca,
829 2662 846 2702 a
862 2662 893 2702 se
912 2643 1036 2704 invicem
1052 2647 1139 2726 longo

76 2733 231 2794 intervallo
245 2733 396 2804 deunce,
415 2744 444 2793 et
458 2751 546 2792 unum
562 2731 680 2808 quidem
698 2731 834 2794 deorsum
854 2734 968 2805 vocari,
995 2735 1032 2794 ad
1051 2757 1139 2813 quem

75 2825 175 2886 locum
189 2845 224 2886 ea
236 2826 403 2888 delerentur
418 2824 530 2896 omnia,
543 2841 733 2900 quecumque
744 2823 848 2886 molem
863 2823 1016 2899 quamdam
1030 2847 1140 2908 eorpo-

77 2919 120 2978 ris
134 2917 260 2992 tumr,
281 2917 403 2981 alterum
420 2933 489 2976 vero
501 2933 630 2988 sursum,
646 2913 683 2974 ed
697 2933 784 2991 quem
797 2915 827 2976 vi
838 2915 936 2976 omnis
952 2931 1137 2980 moveantnrs

76 3029 169 3087 quum
182 3011 259 3070 enim
271 3011 371 3072 mum
385 3027 471 3069 omne
481 3005 640 3071 rotundum
654 3006 705 3078 sit,
715 3025 936 3084 quecumqueu
948 3008 1045 3068 medio
1056 3031 1138 3092 aque

76 3101 215 3166 distentia
227 3113 354 3166 extrema
371 3101 447 3164 lecte
461 3112 543 3172 sunt,
561 3099 692 3160 similiter
706 3117 770 3158 esse
786 3108 903 3176 oportet
919 3111 1063 3162 exuens:
1076 3123 1139 3166 ms-

77 3194 159 3258 dium
174 3213 293 3272 quoque¹
308 3191 465 3271 equalibus
478 3191 561 3254 lineis
572 3189 609 3250 ab
621 3189 756 3252 extremis
770 3187 898 3268 undique
911 3187 1036 3264 distans,
1053 3212 1071 3252 e
1087 3213 1137 3254 re·

77 3285 164 3363 gione
177 3305 259 3364 seque
275 3284 371 3348 omnia
387 3282 519 3362 respicit:
534 3283 671 3360 quoniam
685 3282 774 3361 igitur
789 3281 830 3340 ita
842 3279 967 3342 mundus
980 3281 1138 3363 dispositus

77 3390 138 3452 est,
153 3379 178 3441 si
190 3380 255 3458 quis
267 3379 411 3443 dictorum
420 3375 579 3454 quidquam
593 3395 707 3442 sursum
722 3393 783 3440 esse
794 3373 917 3444 dixerit,
930 3375 977 3434 rel
991 3375 1137 3455 deomena
1155 3418 1159 3428 ·

77 3489 138 3534 nou
151 3470 256 3550 injurie
268 3491 368 3536 errsrc
381 3467 549 3532 videbitur:
574 3467 686 3532 medius
705 3468 788 3530 enim·
804 3467 884 3528 iocus
903 3463 934 3524 in
954 3466 1020 3545 ipso
1042 3489 1138 3551 nsque

77 3582 207 3637 sursum,
229 3583 323 3643 neque
350 3563 484 3626 deorsum
509 3560 567 3622 dici
589 3559 690 3632 debet,
710 3559 761 3623 sed
786 3557 914 3620 medius:
936 3557 1016 3637 quod
1036 3583 1137 3626 rursus

79 3653 206 3732 undiquc
222 3655 338 3726 circuit,
362 3675 456 3733 neque
477 3653 604 3714 medium
619 3665 676 3724 est,
698 3671 792 3729 neque
808 3663 919 3729 partem
941 3651 972 3710 ln
993 3671 1025 3714 se
1047 3655 1135 3716 babet

78 3744 162 3803 alium
177 3745 213 3804 ab
224 3746 278 3804 alis
291 3745 491 3814 differentem,
513 3744 610 3822 quoad
623 3745 718 3822 ipsum
732 3741 875 3812 medium,
888 3745 1043 3804 etomnino
1055 3747 1138 3824 qnid-

77 3837 148 3914 quid
166 3839 204 3904 sit
221 3859 238 3902 e
258 3838 373 3916 regione
391 3839 536 3902 locatum:
560 3835 688 3910 civero,
703 3833 782 3913 quod
796 3834 842 3896 sui
857 3834 948 3912 ipsius
960 3837 1135 3897 simillimum

78 3941 137 4000 cst,
151 3932 295 3992 contraria
311 3931 427 3992 nomina
440 3931 507 4008 jure
523 3929 618 3990 nullus
634 3925 788 3990 attribuet:
803 3927 910 4004 siquid
923 3929 998 3986 enim
1011 3927 1135 3988 solidum

78 4021 345 4099 aequililrretumque
364 4022 394 4084 in
416 4022 543 4083 universi
566 4020 661 4102 medio
686 4021 742 4092 sit,
766 4019 929 4080 adnullant
942 4032 1136 4080 exsecutorum
1170 4073 1173 4080 .
