2770 4688
237 387 281 460 δή
599 381 924 454 INTRODUCTIO.

235 509 405 589 dicebant,
420 515 568 589 ίνςτὶμτι,
583 505 634 570 'vel
651 517 761 579 steten<
779 504 841 596 (t),
856 503 889 569 id
903 519 966 588 est,
984 501 1204 593 impedimento
1217 503 1315 568 nulla

146 636 151 645 ·
235 617 316 697 sint,
330 611 507 703 quominus
523 609 692 676 vitiorem
707 611 880 693 habeatur,
897 631 989 676 mens
1004 631 1076 674 enm
1089 609 1315 698 apprehendit

235 738 268 786 et
288 719 497 810 apprehense
526 715 729 800 assentitur(
742 717 811 782 haec
827 739 894 800 res,
910 717 938 781 si
955 737 1068 780 sensus
1083 713 1315 779 instrumento

234 841 365 916 excepta
381 825 461 890 risio
477 821 602 899 suerat,
620 823 735 888 Stoicis
750 845 859 888 sentus
872 839 921 888 cst
931 822 954 911 ).
970 820 1104 905 Quodsi
1121 842 1192 904 res,
1212 821 1312 901 cujus

234 934 339 1000 visum
356 945 545 1020 perceptum
563 943 596 992 et
612 929 828 1018 approbatum
846 929 928 1012 fuit,
958 926 999 992 ad
1015 943 1164 992 naturam
1177 925 1315 1006 judice·

234 1054 289 1103 tur
305 1031 566 1116 accommodata,
583 1041 660 1114 ὁρμὴ,
677 1031 711 1097 id
730 1049 798 1116 est,
822 1035 969 1123 appetitae
978 1079 988 1112 ‚
1012 1031 1181 1121 evestigio
1199 1032 1317 1119 sequi·
1345 1037 1347 1040 ’

234 1161 305 1225 tur;
321 1143 372 1208 sin
387 1161 465 1206 tero
482 1154 606 1205 naturse
622 1139 847 1223 incommoda,
864 1148 962 1222 ἀφορμὴ
981 1140 1032 1203 vel
1047 1122 1171 1209 temnere,
1190 1135 1226 1201 id
1245 1154 1314 1219 est,

235 1251 337 1314 animi
346 1247 527 1312 declinatus
542 1243 689 1335 acsuga.
704 1247 762 1311 Est
774 1261 884 1311 autern
898 1255 980 1326 ὁρμὴ,
995 1251 1055 1325 φορὰ
1067 1254 1143 1324 ψυχῆς
1156 1253 1198 1307 ist
1212 1271 1239 1306 τι
1254 1285 1264 1315 ,
1281 1243 1320 1308 id

238 1371 305 1437 est,
320 1359 454 1442 impetus
464 1352 567 1416 mont
580 1351 628 1415 ad
642 1351 773 1442 cliput'ci.
793 1352 875 1435 Quse
890 1373 969 1416 vero
983 1359 1068 1433 λογικὴ
1085 1360 1165 1432 ὁρμὴ,
1187 1348 1224 1413 id
1242 1365 1316 1434 est,

235 1459 403 1524 mennam
417 1459 567 1547 appetitio
581 1455 721 1540 dicitur,
737 1457 793 1522 illo
809 1457 909 1522 modo
934 1455 1105 1539 definitur,
1123 1464 1184 1536 φορὰ
1196 1459 1317 1526 διανοίας

235 1575 276 1628 tsi
294 1579 372 1627 ntor
386 1575 409 1626 it
423 1579 460 1644 τῷ
471 1571 606 1643 πράττειν,
624 1561 658 1626 id
675 1579 737 1646 est,
754 1565 887 1652 impetus
899 1563 948 1628 vei
965 1577 1078 1644 motus,
1087 1562 1139 1627 vel
1154 1561 1318 1649 impulsus

236 1672 347 1736 mentri
364 1669 411 1734 ad
426 1667 552 1758 aliquid
566 1690 673 1734 sorum
688 1691 761 1758 quot
773 1669 808 1731 in
818 1671 939 1732 actione
951 1683 1034 1734 sunt.
1051 1667 1108 1732 fla
1122 1665 1212 1755 apud
1234 1665 1316 1730 Sto·

237 1775 344 1842 boum
357 1776 403 1866 (s)
418 1775 622 1865 appetitionis
633 1773 838 1840 definitiones
855 1797 895 1840 ex
912 1775 1028 1840 Stoicis
1039 1789 1117 1838 sunt
1129 1773 1314 1860 exscripta.

236 1885 278 1948 At
286 1884 476 1948 Plutarchus
490 1881 537 1971 (3)
555 1880 790 1972 Chrysippum,
808 1884 841 1948 in
858 1883 943 1948 libro
960 1882 1002 1948 de
1019 1881 1191 1971 Lege,isto
1209 1879 1318 1945 modo

236 1990 469 2078 appetitionem
486 1987 691 2076 descripsisse
706 1989 807 2054 refert
826 2010 835 2053 ε
854 1999 870 2054 t
892 1997 952 2070 ὁρμὴ
976 2003 1019 2051 τοῦ
1037 1996 1161 2068 septen
1180 1997 1254 2066 λόγος
1278 1995 1318 2058 tet

237 2104 400 2174 προςακτικὶς
413 2105 481 2175 αὐτῷ
493 2107 536 2155 τοῦ
546 2105 643 2168 stertit,
656 2092 690 2156 id
702 2109 769 2176 est,
782 2093 925 2158 Hominit
940 2096 1093 2182 appeiffio
1106 2096 1188 2156 ratt'o
1201 2090 1318 2181 [qum-

238 2199 336 2286 dam]
354 2212 417 2277 est,
435 2218 507 2285 quoe
523 2195 574 2260 illi
590 2201 746 2262 actionem
758 2202 891 2288 tittperot
908 2222 921 2263 .·
935 2222 1008 2287 quae
1023 2197 1189 2280 definitio,
1207 2219 1318 2287 quum

239 2304 280 2369 de
295 2302 395 2368 animi
410 2301 657 2385 affectionibus,
672 2303 705 2367 in
722 2303 839 2368 Morsii
851 2303 898 2392 (4)
910 2306 1101 2369 tractatione
1108 2353 1122 2396 ,¹
1133 2325 1173 2369 es
1187 2304 1319 2370 Stoico·

240 2431 315 2474 rum
332 2408 507 2490 sententia,
526 2407 689 2497 agendum
700 2408 814 2492 fiterit,
827 2412 992 2476 memorie
1008 2409 1146 2476 maxime
1159 2409 1317 2478 tenenda.

239 2516 358 2580 Cicero
380 2512 555 2578 secundam
585 2513 672 2578 illam
696 2514 947 2604 descriptionem
974 2517 1132 2606 respicere
1153 2515 1318 2602 ridetur,

242 2641 346 2708 quum
364 2618 473 2684 scribit
493 2617 538 2706 (5)
566 2642 574 2683 ε
596 2619 707 2692 «Nam
731 2621 822 2686 aliter
847 2622 1002 2710 appetitio
1022 2621 1117 2710 (eam
1136 2621 1225 2686 enim
1244 2645 1319 2689 esse

240 2725 391 2790 volumus
408 2735 482 2805 ὁρμὴν
493 2723 506 2814 )
517 2747 581 2812 qua
592 2722 632 2788 od
642 2723 805 2816 agendum
817 2725 1026 2816 impellimur,
1038 2741 1071 2792 et
1078 2725 1113 2790 id
1126 2727 1316 2816 appetimus

243 2828 334 2918 quod
349 2847 398 2894 est
414 2830 536 2912 visum,
553 2831 675 2894 moveri
698 2853 765 2899 non
783 2847 892 2920 potest
904 2863 928 2899 a.
955 2833 1049 2898 Hanc
1067 2831 1153 2896 idem
1178 2831 1317 2918 Cicero,

243 2935 305 2999 alio
321 2936 354 2998 in
374 2935 458 2998 libro
473 2932 541 3022 (6),
558 2938 662 3000 animi
670 2940 847 3025 appetitum
860 2949 892 3003 et
906 2942 1041 3004 asct'tum
1059 2939 1318 3027 interpretatum

244 3040 459 3122 contrarium,
476 3037 510 3103 id
527 3056 594 3123 est,
619 3051 746 3122 ἀφορμὴν,
765 3043 976 3132 depulsionem
995 3061 1028 3108 ct
1044 3043 1240 3110 destinatam
1256 3069 1319 3112 vo·

244 3163 310 3230 cot3
325 3147 460 3230 Seneca,
467 3145 600 3235 fisgam.
620 3147 714 3213 Philo
727 3148 876 3232 Judteus,
894 3150 950 3239 qui
966 3151 1158 3239 plerumque
1172 3149 1320 3240 philoso-

244 3251 346 3338 phicis
370 3253 531 3317 variarum
551 3254 718 3318 Scotorum
743 3256 880 3321 vocibus
904 3271 937 3320 et
952 3255 1089 3322 decretis
1107 3257 1157 3322 uti
1178 3257 1320 3348 gaudet,

244 3357 277 3419 in
295 3357 379 3421 libro
396 3359 488 3438 cujus
505 3357 603 3422 index
619 3375 684 3447 est,
700 3357 747 3423 ὁτι
760 3370 882 3442 ἄτρωτον
896 3373 924 3426 τὸ
941 3376 1017 3438 tutor,
1033 3361 1145 3447 idest,
1161 3363 1241 3431 Non
1255 3389 1320 3431 esse

279 3567 316 3634 (r)
330 3569 428 3626 Sextus,
441 3566 485 3617 lib.
495 3569 557 3628 vn,
575 3567 691 3617 adversus
703 3569 847 3621 Mathemat.
861 3575 898 3639 (r.
910 3572 1026 3622 sdversus
1043 3573 1154 3640 Legio),
1173 3587 1233 3628 sset.
1252 3579 1318 3629 ats-

246 3657 308 3723 257,
320 3671 377 3720 pag.
388 3663 436 3712 snt
449 3665 474 3703 et
484 3657 545 3715 4²²·

278 3743 318 3811 (a)
330 3743 427 3806 Eclogae
440 3743 520 3792 Eritis.
534 3759 588 3808 cap.
603 3745 637 3804 3,
650 3761 708 3810 pag.
726 3745 786 3808 175,
803 3747 848 3795 lin.
863 3750 903 3808 13,
920 3755 967 3807 κά,
984 3750 1023 3800 15.

279 3829 317 3897 (3)
330 3831 367 3878 De
377 3830 454 3880 Stoic.
464 3818 603 3880 contraries.
615 3847 672 3897 pag.
688 3833 764 3896 1037,
778 3834 799 3884 i.

278 3917 318 3986 (4)
332 3920 411 3982 Qosm
424 3927 510 3965 auctor
522 3917 549 3964 in
563 3917 612 3966 hoo
625 3933 699 3983 opere
710 3921 884 3984 prnsurust).
895 3924 1151 3992 Donum-«NidoS
1163 3929 1216 3992 st,
1236 3945 1279 3990 ⁷¹·

279 4003 318 4072 (5)
337 4009 366 4054 in
378 4003 501 4068 Lucullo,
515 4021 571 4070 csp.
581 4005 606 4056 8.
1043 4000 1052 4028 ⁸
1095 4017 1099 4030 ⁸

280 4098 319 4164 (6)
332 4095 371 4144 De
380 4092 495 4155 Finibus,
506 4094 589 4153 linv,
604 4111 643 4158 17.
