2756 4692
252 331 321 406 560
587 337 635 404 ιι.
661 337 699 404 ι.
726 337 968 407 cromerus

252 470 342 530 serat,
365 456 404 516 ita
426 469 499 516 uta
520 457 622 516 mnndi
643 459 827 538 generatione
850 458 1005 518 exordiens
1026 479 1117 538 usqne
1142 459 1321 542 adpetistis

250 550 370 610 humani
383 563 515 608 naturam
527 549 674 620 deveniat,
696 565 782 629 atque
803 569 856 630 ego
870 549 992 623 deiude,
1008 552 1167 630 suscipiens
1182 555 1320 615 homines

251 643 389 702 aTimaeo
404 641 520 720 quidem
535 644 663 721 genitos,
688 663 706 701 a
724 641 815 702 Crisia
832 661 903 700 vero
924 654 958 700 ut
978 643 1136 720 plurimum
1155 646 1319 715 institutos,
1372 671 1373 674 ¹

249 734 408 794 secundum
422 735 537 794 Solonis
551 754 713 794 sermonem
732 734 880 812 legemque
900 734 930 791 in
947 732 1091 812 judicium
1113 751 1246 798 vestrum
1270 737 1321 798 ad·
1372 775 1373 778 =

248 826 368 899 ducam,
381 825 561 904 civitatisque
578 827 659 886 istius
679 825 757 884 cives
774 825 897 884 efficiam
913 845 976 898 eos,
998 826 1049 904 qui
1063 829 1151 906 prisci
1164 830 1208 888 illi
1222 832 1320 890 Athe·

247 922 360 978 nienses
380 919 513 993 suerunt,
529 937 604 996 quos
615 919 674 996 jam
694 918 850 976 exstinctos
864 937 952 976 sacrae
964 921 1167 998 :Egyptiorum
1181 923 1275 982 literar
1290 924 1319 980 in

249 1014 372 1073 lucerne
387 1010 513 1070 tenebris
525 1024 678 1084 eruerunt,
695 1009 768 1070 adeo
785 1023 818 1068 ut
835 1009 873 1068 :le
890 1010 947 1068 illis
967 1010 1104 1091 deinceps
1120 1027 1270 1092 nmquam
1281 1015 1319 1072 de

250 1102 400 1163 veteribus
410 1101 637 1163 Atheniensibus
648 1100 738 1161 verba
749 1103 829 1160 fiant.
840 1103 997 1161 Socuras.
1011 1105 1167 1182 copiosam
1180 1118 1211 1163 et
1219 1107 1320 1185 splen-

250 1197 348 1256 didam
365 1194 571 1274 disputationis
589 1214 717 1254 mensam
737 1193 922 1272 apparavisse
941 1194 1014 1253 mihi
1031 1195 1157 1255 rideris:
1179 1210 1230 1256 tua
1246 1217 1319 1276 ergo
1372 1225 1373 1278 3

250 1289 383 1360 interest,
396 1307 414 1344 ο
428 1287 549 1361 Timaee,
563 1285 706 1346 invocatis
716 1285 875 1344 secundum
885 1286 976 1364 legem
990 1287 1069 1361 Diis,
1090 1287 1320 1366 disputationem
1372 1283 1373 1316 ³

246 1381 306 1460 jam
318 1379 455 1438 exordiri.
465 1383 592 1438 Tinna.
603 1376 699 1438 Probe
709 1379 843 1448 consulis,
856 1381 988 1438 Socrates
1002 1401 1008 1436 :
1022 1399 1089 1438 nam
1102 1401 1194 1458 quum
1205 1401 1320 1453 omnes,
1372 1405 1373 1418 ι

249 1473 301 1552 qui
314 1471 417 1532 mentis
431 1490 550 1550 quoquo
565 1470 653 1530 modo
675 1483 825 1550 compotes
840 1483 922 1540 suut,
945 1471 975 1530 in
990 1472 1086 1548 operis
1101 1472 1260 1551 mrjnslibet
1273 1473 1320 1532 rel

250 1565 346 1644 magni
364 1563 409 1621 vel
430 1563 514 1642 parri
531 1562 677 1642 principio
695 1563 833 1622 invocare
854 1567 948 1624 Βειιιιι
969 1564 1104 1626 soleant:
1129 1579 1240 1643 quanto
1265 1586 1319 1625 uns
1372 1589 1373 1650 ἐ

251 1659 360 1736 aquius
375 1669 435 1729 est,
455 1654 492 1713 de
509 1654 670 1727 Universo,
686 1653 747 1714 sive
762 1653 891 1734 genitum
911 1655 965 1727 sit,
987 1655 1046 1714 sivo
1057 1656 1236 1734 ingenitum,
1252 1657 1317 1716 dis-
1372 1679 1373 1682 ¹

251 1763 419 1830 putaturos,
437 1747 493 1806 nisi
513 1747 587 1806 forte
608 1746 781 1826 desipimus,
799 1747 937 1806 invocare
958 1745 1085 1806 divinam
1106 1751 1215 1826 opem?
1238 1753 1319 1826 Ergo

250 1848 328 1904 Deos
353 1858 452 1900 ornnes
471 1845 604 1918 Deaeque
627 1858 798 1918 precamur,
822 1841 854 1898 iu
884 1839 985 1918 primia
1006 1838 1141 1916 quidem,
1163 1855 1197 1900 ut
1213 1861 1249 1900 ea
1270 1843 1319 1900 di·
1372 1865 1373 1874 ¹

250 1950 354 1996 cantur
374 1953 391 1992 a
416 1932 518 2004 nobis,
540 1952 606 2010 que
624 1932 680 1990 illis
696 1931 848 2011 placeant:
872 1931 995 2004 deinde,
1017 1944 1050 1990 ut
1066 1930 1151 1992 nobis
1167 1935 1225 2012 ipsi
1242 1955 1319 1994 con-

250 2041 377 2089 stemus:
394 2036 533 2103 quantum
549 2023 588 2082 ad
604 2026 682 2082 Deos
694 2024 817 2092 attinet,
840 2023 880 2082 sic
898 2043 917 2082 a
936 2019 1021 2083 nobis
1040 2037 1156 2084 oratum
1179 2027 1241 2084 eit:
1267 2027 1317 2088 sed

249 2119 330 2200 quod
351 2116 389 2178 ad
411 2137 465 2176 nos
487 2129 615 2195 spectat,
633 2113 812 2196 poscendum
834 2128 896 2186 est,
919 2130 952 2182 ut
965 2129 995 2174 et
1010 2135 1063 2174 vos
1082 2116 1165 2175 facile
1180 2138 1318 2198 essequa

249 2211 337 2283 mini,
359 2221 388 2268 et
410 2227 464 2286 ego
484 2206 644 2266 secundum
665 2208 768 2266 mentis
785 2208 968 2286 propositum
983 2227 1045 2267 rcm
1061 2208 1175 2286 ipsam,
1201 2208 1240 2268 de
1259 2232 1316 2289 qua

246 2303 350 2380 agitur,
362 2299 526 2377 transigam.
541 2299 687 2378 Principio
703 2299 743 2358 ita
755 2299 826 2358 mihi
843 2298 1078 2378 distinguendum
1092 2321 1154 2360 esse
1164 2301 1284 2362 videtur
1295 2305 1316 2382 :]
1372 2341 1373 2386 1

248 2410 294 2476 11.
321 2401 416 2494 Quid
443 2416 497 2474 est
524 2401 649 2500 quod¹
686 2427 829 2502 semper
852 2407 918 2493 sit,
947 2429 1068 2502 neque
1100 2406 1217 2478 ullum
1250 2407 1315 2480 ha·
1372 2427 1373 2474 3

248 2513 332 2587 beat
348 2526 489 2601 ortum,
502 2525 539 2584 et
550 2511 651 2609 quod
666 2514 847 2611 gignatur,
860 2539 930 2586 nec
943 2539 1117 2613 umquam
1132 2517 1204 2588 siti
1218 2521 1317 2609 Quo·
1372 2525 1373 2574 ἱ

285 2689 319 2737 11.
332 2703 355 2736 ι.
369 2683 436 2750 Quid
442 2683 561 2749 estquod,
570 2693 618 2733 etc.
627 2685 711 2747 Quum
720 2684 762 2734 hic
805 2689 883 2746 vm,
898 2701 939 2736 ιι.
951 2685 1082 2735 Pulchram
1092 2685 1158 2736 hane
1167 2688 1317 2740 Platoniade
1372 2681 1373 2752 l

248 2765 421 2818 tantummodo
439 2763 542 2830 incipiat
563 2779 649 2812 aarum
670 2763 762 2828 diclogi
805 2767 860 2816 Deo
874 2767 1019 2816 sententiam
1029 2767 1125 2832 egregie
1138 2767 1318 2832 explicavere
1372 2757 1373 2788 ⁴

249 2855 430 2910 argumentum,
442 2839 494 2890 lieri
507 2849 589 2907 potest
599 2841 762 2906 precedentis
806 2843 863 2892 nelo
875 2855 964 2902 noster,
972 2843 1048 2894 Eoea'st.
1057 2844 1089 2891 de
1097 2841 1169 2907 Dies,
1175 2845 1218 2905 11,
1229 2869 1243 2890 ι
1252 2847 1317 2897 C'est

248 2917 391 2976 Ciceronem
407 2922 433 2971 in
450 2921 562 2970 versione
580 2936 622 2970 sue
636 2921 761 2979 omisisse,
790 2921 930 2970 'retomber
954 2922 1016 2972 dans
1039 2922 1110 2972 l’idde
1133 2921 1170 2972 du
1193 2931 1272 2989 temps
1293 2938 1317 2974 et

248 3017 373 3068 tamqnam
383 3019 397 3050 a
408 3001 507 3049 materie
516 2999 620 3047 alienam
631 2999 763 3064 digressio·
807 3001 944 3050 conlondre
956 3012 1028 3060 tent,
1040 3013 1089 3066 qna
1102 2999 1135 3051 de
1145 3003 1248 3052 rouloir
1260 3006 1317 3054 iraa-

248 3099 313 3134 nem.
327 3084 380 3131 Ant
392 3079 509 3132 aiclcero
518 3087 632 3136 venerat,
641 3093 669 3125 ea
681 3079 777 3126 forsan·
807 3080 879 3144 giner
889 3097 921 3129 en
934 3081 997 3130 Dico
1011 3083 1064 3130 rien
1080 3083 1125 3146 qni
1138 3083 1174 3132 ait
1188 3087 1316 3150 repperti

247 3161 360 3210 librarius
383 3158 499 3210 eonmlto
522 3157 612 3208 omisit.
636 3157 696 3206 linc
719 3157 763 3206 nbi
808 3161 1021 3210 nnemooession:
1036 3161 1115 3210 enlni
1127 3163 1182 3210 rien
1199 3165 1316 3226 mdnre,

247 3242 296 3290 sint
311 3242 338 3290 in
347 3237 456 3290 ruteni·
466 3234 570 3298 Timeo,
585 3251 658 3301 snpra
671 3236 764 3286 indica·
806 3254 939 3305 parceque
949 3239 1002 3288 rien
1016 3255 1045 3288 ne
1056 3256 1141 3306 paene:
1154 3243 1210 3291 rien
1219 3243 1315 3292 n'aeae':

248 3323 343 3379 rimus,
359 3327 412 3366 not.
427 3325 464 3380 4,
486 3332 543 3382 cap.
554 3317 576 3365 1.
591 3341 627 3354 ·-
646 3315 713 3379 Quid
728 3328 764 3366 est
807 3321 859 3368 rien
869 3336 900 3370 ne
913 3335 987 3368 scra:
1006 3329 1061 3368 tout
1077 3331 1114 3370 est
1126 3319 1186 3371 fixe
1199 3325 1224 3371 0
1236 3325 1316 3381 Dion,

249 3395 317 3460 quod
332 3413 427 3461 semper
443 3395 489 3456 sit,
512 3411 590 3459 neque
603 3395 696 3444 nullum
716 3393 762 3444 lra-
807 3413 868 3448 vona
886 3415 917 3448 ne
932 3415 1029 3465 ponvea
1043 3400 1144 3446 soullrir
1157 3401 1317 3466 anennprase'

247 3477 303 3524 beat
322 3487 409 3524 ortum.
435 3471 492 3524 atio
511 3473 569 3523 loco
582 3473 667 3521 'lirnaei
680 3509 687 3534 ,
702 3473 763 3522 dicit
807 3486 831 3524 et
848 3493 930 3525 rncnn
950 3473 1034 3526 a'venir
1054 3493 1085 3526 en
1103 3493 1176 3528 vona.
1191 3477 1316 3530 C'eetnne

247 3555 318 3603 Plato
337 3569 389 3600 non
408 3553 470 3600 bene
494 3553 544 3601 dici
563 3553 594 3602 cle
608 3553 657 3601 hoc
670 3563 762 3601 eterno
807 3553 865 3603 solie
886 3571 935 3619 qne
959 3557 990 3604 de
1013 3555 1113 3604 vonloir
1134 3555 1227 3606 divini·
1250 3571 1317 3606 rorte

247 3629 456 3696 nurninefnitaut
470 3643 542 3691 erar,
555 3631 760 3680 sedunmmere.
806 3631 923 3695 iternite',
936 3635 980 3700 qul
993 3644 1089 3682 estam
1102 3641 1315 3699 permrneneein·
1372 3635 1373 3696 J

247 3709 762 3772 simil.inExod.111,1e:·1tietrneue
806 3713 934 3762 artemo:
949 3713 1007 3762 ee:
1023 3712 1123 3762 eonon
1141 3730 1192 3778 qa·
1205 3716 1317 3780 :sange

246 3789 322 3854 ldosi,
330 3793 388 3840 Sum
397 3788 440 3853 qui
447 3805 499 3838 snm
509 3807 519 3838 :
530 3789 594 3838 dices
595 3789 659 3857 filiis
669 3789 761 3838 Israel:
805 3791 919 3852 s'enlnie,
940 3807 1012 3856 parce
1028 3791 1102 3856 qn’en
1121 3791 1274 3843 descendam
1294 3796 1317 3842 le
1372 3809 1373 3812 ’

246 3871 291 3920 Ille
307 3869 350 3936 qm'
361 3879 408 3925 est,
421 3866 583 3916 memisr'tad
594 3884 669 3916 vos».
682 3869 761 3917 Diona
804 3869 863 3936 long
874 3870 932 3920 d’nn
944 3870 1055 3931 llenreie
1063 3869 1195 3938 m’dloigne
1207 3875 1317 3934 teniorm
1372 3873 1373 3876 ’

246 3949 486 4013 Augustinus,qunm
494 3943 540 3994 hoa
551 3945 620 3994 locos
628 3947 758 4006 conferret,
804 3948 834 3997 de
850 3966 878 3998 ce
899 3952 982 4015 rivage
995 3948 1122 4002 immobile
1130 3975 1152 4002 ι,
1170 3948 1235 4000 Vide
1246 3953 1316 4000 etiam
1372 3977 1373 3982 =

246 4028 396 4076 exclamabat
408 4025 534 4074 Platonem
547 4025 757 4076 sacrosChriatir·
804 4027 990 4087 Malcbranclre,
1009 4027 1148 4078 recherche
1180 4031 1214 4080 de
1235 4031 1260 4079 la
1277 4028 1317 4078 κ’·

248 4119 336 4155 ιοιιιιιι
344 4106 421 4154 libror
434 4103 587 4171 cognovisse.
597 4103 634 4153 De
643 4104 758 4166 uranu,
803 4105 861 4166 rite,
874 4109 919 4167 tv,
938 4123 977 4156 ιι.
987 4107 1048 4158 Π.
1061 4107 1088 4156 L.
