2776 4688
239 339 286 435 76
606 341 933 414 INTRODUCTIO.

239 461 304 526 ural
317 462 360 526 sit
371 459 424 544 id,
448 461 538 550 quod
552 485 685 534 currens
701 461 929 552 pertransierit.
948 459 1050 524 Multa
1067 455 1221 549 praeterea
1242 463 1320 528 alia

237 567 403 633 attendere
416 569 549 654 jubent,
563 593 704 658 quorum
722 571 749 634 si
765 567 890 632 nullum
913 565 1086 656 impediat,
1100 567 1318 655 phantasiam

236 674 387 764 probare,
405 674 521 764 illaque
540 678 636 741 etiam
654 679 688 741 in
708 675 843 740 maximi
862 674 1019 738 momenti
1041 673 1138 738 rebus
1162 675 1210 738 uti
1227 697 1320 762 per-

238 781 392 864 mittunt3
406 812 419 838 ι
429 804 532 868 quum
549 799 656 847 tamen
674 781 741 871 (uti
751 779 836 871 apud
848 781 1036 845 Ciceronem
1050 795 1098 842 est
1111 778 1191 866 (1)),
1201 781 1319 866 possit

237 885 381 960 accidere
397 886 555 974 Sapienti,
569 905 718 976 utquam
731 885 841 951 omnia
851 885 978 965 lecerit,
993 882 1320 972 diligentissimeque

239 991 518 1080 circumspexerit,
537 993 666 1058 exsistat
679 989 816 1079 aliquid,
835 989 924 1079 quod
937 987 1319 1053 etrerisimilevideatur

234 1110 268 1159 et
282 1095 366 1160 absit
382 1095 596 1184 longissimea
611 1120 700 1163 vero.
712 1128 725 1153 a
742 1098 884 1176 Verum,
901 1093 1011 1176 aiunt,
1028 1093 1107 1182 quid
1124 1093 1240 1181 aliquis
1259 1095 1317 1156 fa-

235 1201 312 1283 ciat,
329 1202 357 1265 si
373 1218 486 1266 natura
502 1201 623 1266 nullam
639 1203 706 1268 veri
722 1202 878 1266 trutinam
892 1198 1002 1264 dediti
1018 1201 1175 1264 Concessa
1191 1214 1315 1278 utere,

235 1305 345 1389 idest,
361 1308 522 1396 probabili
539 1310 724 1396 phantasia,
740 1310 814 1372 licet
825 1331 892 1372 non
906 1323 1024 1372 uxama.

278 1417 330 1498 49.
350 1413 425 1477 Non
451 1429 499 1478 est
522 1431 630 1479 autem
648 1415 790 1501 ubique,
807 1413 1026 1500 omnibusque
1043 1413 1076 1474 in
1096 1411 1214 1484 rebus,
1239 1409 1313 1473 lide

234 1515 420 1606 dignissima
437 1517 506 1581 haec
520 1519 601 1582 visio
620 1517 849 1608 exspectanda3
871 1517 927 1582 sed
948 1540 1009 1606 pro
1036 1538 1146 1579 rerum
1164 1515 1312 1579 aestima-

234 1623 324 1687 tione
342 1646 379 1687 ac
395 1625 500 1712 pretio
517 1625 669 1689 exactiori
686 1625 867 1689 autminus
884 1639 991 1688 exacta
1007 1639 1126 1686 statera
1135 1622 1196 1685 erit
1206 1637 1313 1685 uten-

236 1727 326 1794 dum.
346 1729 496 1818 Namque
512 1731 546 1794 in
566 1730 741 1795 levioribus
765 1729 967 1819 prohabilem
991 1728 1177 1816 quampiam
1204 1729 1311 1790 visio-

236 1835 419 1926 nemsequi
436 1835 544 1899 licebit
564 1858 572 1898 ε
593 1836 738 1924 graviora
756 1857 824 1898 non
842 1834 903 1897 nisi
919 1834 1116 1921 aperispasto
1133 1831 1308 1920 phantasia

234 1939 385 2002 trutinari
406 1940 581 2026 expedierit
598 1963 606 2004 :
623 1940 806 2028 gravissima
824 1955 857 2002 et
882 1962 954 2025 quae
977 1937 1017 2001 ad
1036 1938 1119 2002 hene
1140 1938 1309 2023 beateque

233 2041 410 2110 vivendum
432 2045 617 2131 pertinent,
641 2045 709 2126 ejus
732 2067 804 2131 quae
830 2044 1043 2132 aperispastos
1066 2059 1098 2107 et
1124 2039 1309 2130 periodeu-

236 2171 331 2212 mene
347 2165 570 2236 nuncupatur,
584 2147 744 2227 judicium
763 2148 909 2213 subeant.
926 2150 1030 2234 Atque
1042 2146 1132 2214 hunc
1149 2146 1310 2210 observa-

234 2253 332 2318 tionis
359 2252 507 2318 ordinem
534 2254 760 2341 proescrihunt,
784 2254 845 2317 nisi
874 2253 951 2341 quid
979 2251 1211 2340 impedimento
1238 2253 1309 2332 sit,

234 2381 302 2446 quo
320 2359 429 2423 minus
445 2382 523 2423 cura
540 2361 608 2424 haec
624 2376 722 2447 atque
745 2359 909 2449 diligentia
932 2356 1148 2447 impendatur.
1173 2357 1256 2422 Nam
1278 2361 1310 2422 si

233 2465 307 2552 quis
323 2481 398 2552 post
409 2465 520 2554 fugam
534 2466 669 2553 epraelio
683 2465 813 2530 latibula
825 2481 956 2553 petens,
974 2465 1160 2553 speluncam
1174 2464 1309 2552 ingredi

234 2586 345 2659 paret,
363 2569 421 2638 sed
434 2571 564 2651 jamiam
584 2572 805 2660 ingressurus,
822 2594 954 2636 rurrrore
965 2587 1021 2634 aut
1033 2571 1178 2634 tumultu
1191 2571 1308 2658 aliquo

233 2675 440 2763 percellatur,
466 2676 719 2766 hujusmodique
745 2677 911 2766 phantasia
933 2677 1044 2740 hostes
1065 2677 1150 2742 intra
1170 2691 1309 2740 antrum

232 2780 330 2846 latere
344 2781 562 2868 suspicionem
571 2781 679 2858 iaciat,
689 2784 845 2869 aufugere
858 2803 876 2846 e
889 2781 1024 2869 vestigio
1033 2779 1225 2868 expedierit,
1235 2781 1309 2862 illa,

234 2885 285 2950 vel
302 2907 416 2974 parum
434 2886 593 2973 probabili
617 2887 741 2951 visione
762 2887 985 2967 admonitum,
1005 2908 1066 2950 nec
1082 2909 1208 2951 moram
1226 2909 1307 2950 exa-

236 2989 391 3060 minando
410 2991 523 3058 lacere.
541 2992 582 3056 Et
599 2991 667 3058 haec
684 2991 817 3079 quidem
833 2991 942 3068 omnia
959 3013 997 3054 ex
1018 2992 1114 3056 Sexto
1138 2991 1183 3080 (a)
1202 2993 1307 3080 petita

234 3112 320 3162 sunt.
1213 3125 1216 3134 ¹

278 3202 331 3268 50.
358 3203 504 3286 Verum,
535 3220 572 3269 ut
590 3204 670 3269 mihi
687 3203 801 3270 videor
824 3204 1126 3293 comprehendere,
1150 3203 1306 3268 illustris·

232 3309 312 3372 sima
323 3305 439 3372 divisio
449 3309 518 3374 haec
527 3333 595 3374 uno
610 3311 758 3374 membro
775 3327 890 3374 uunca
901 3327 960 3374 est.
974 3311 1086 3375 Potest
1094 3310 1182 3375 eninr
1195 3309 1305 3398 aliqua

232 3414 313 3478 visio
330 3395 535 3503 contingere,
552 3439 624 3504 quae
632 3415 892 3503 pariodsumane,
921 3439 980 3482 nec
1006 3433 1113 3480 tamen
1139 3421 1305 3504 aperispa-

232 3534 298 3584 stas
320 3519 362 3582 sit
385 3542 392 3582 ε
414 3519 460 3584 sic
485 3543 562 3610 ergo
588 3523 714 3611 integra
745 3521 860 3586 divisio
888 3523 1060 3587 constabit.
1084 3523 1304 3588 Probabilium

233 3623 474 3713 phantasiarum
490 3626 549 3690 alia
567 3642 695 3692 tantum
706 3626 899 3714 probabilis,
924 3627 983 3692 alia
1003 3627 1177 3715 probabilia
1194 3633 1304 3716 aperi-

233 3742 373 3818 spastos‚
391 3731 451 3796 aha
464 3731 639 3818 probabilis
655 3733 919 3821 pen'odeumeue:
942 3751 1055 3822 quarta
1073 3733 1206 3798 demum
1221 3757 1303 3822 pro-

269 3906 348 3974 (r)1n
362 3909 477 3968 Lucullo,
492 3925 595 3974 capri.

270 3993 308 4059 (a)
321 3995 377 4045 tib.
386 3996 434 4045 Vll
447 3995 801 4064 advtlllath.(1.adr.ltog.),
814 4009 872 4048 sect.
885 3999 1012 4062 rbi-189,
1025 4015 1081 4065 pag.
1097 4001 1145 4054 tot
1156 4011 1181 4047 et
1191 4007 1257 4063 top,
1273 4013 1295 4048 et

233 4085 396 4149 Hypotypos.
407 4083 452 4134 lib.
466 4087 492 4146 1,
510 4102 564 4149 cap.
574 4085 620 4144 33,
634 4101 691 4148 pag.
706 4087 796 4134 56-62.
