2764 4688
229 404 298 448 aaa
560 373 949 443 ARGUMENTUM.

260 499 361 570 dibus,
383 509 436 555 cto
455 498 490 554 In
505 513 630 572 corpore
652 505 747 553 autem
762 505 865 552 nostro
880 504 1014 552 naturam
1034 502 1065 549 et
1086 508 1246 551 nervorum
1265 508 1292 552 et

260 613 398 655 venarum
412 594 510 652 latere.
525 597 570 650 De
580 590 677 649 animo
686 589 812 668 denique
824 589 922 648 omnia
932 607 995 646 esse
1006 587 1130 660 incerta,
1145 589 1293 650 multimo-

260 687 369 770 dntq'ue
382 690 545 750 sententiaa.
566 692 681 748 Horum
696 689 820 765 aliquam
836 687 1008 746 wnoentiam
1027 685 1150 744 istorum
1172 689 1293 765 sapienti

258 805 365 850 certam
382 787 488 858 videri,
501 786 570 845 huic
581 798 678 844 autem
688 787 836 864 ipsorum,
849 804 886 842 ne
902 784 989 842 ullam
1001 783 1120 863 quidem
1135 781 1293 845 admodum

260 886 462 967 prohabilem,
485 886 503 961 §
521 891 662 951 rao-rad.

298 991 337 1043 At
351 983 375 1042 si
391 981 548 1042 modestius
563 999 660 1037 secum
673 991 788 1057 agatur,
801 978 844 1036 sic
858 991 891 1037 ut
905 979 1043 1039 Lucullus
1055 979 1151 1058 ipsum
1165 999 1228 1038 non
1238 997 1295 1038 snae

257 1081 416 1152 sententiae,
429 1078 479 1138 sed
488 1077 576 1136 alicui
585 1077 758 1154 cuicumque
770 1075 901 1134 assentiri
912 1077 1054 1148 voluerit;
1068 1077 1152 1154 sique
1161 1077 1227 1156 ipse
1239 1097 1296 1136 ase

260 1178 439 1258 impetrarit,
452 1188 485 1234 ut
499 1175 634 1252 cuiquam
648 1173 840 1245 assentiatur,
856 1193 886 1230 r.
901 1192 927 1230 c.
944 1174 1133 1234 Democrito:
1150 1193 1255 1234 omnes
1269 1189 1297 1232 et
1370 1239 1371 1242 Ἴ

260 1276 373 1336 Stoicos
381 1288 410 1333 et
417 1272 594 1331 Antiocheno
608 1291 669 1330 esse
683 1283 786 1329 contra
799 1271 901 1342 ituros,
908 1284 1022 1330 atomos
1033 1273 1120 1340 illins,
1130 1272 1298 1332 etinnume-

261 1371 365 1431 rabiles
371 1368 494 1434 mundos
503 1352 684 1445 objicientes,
692 1367 913 1445 judicantesque
920 1369 1026 1427 rectius
1033 1369 1192 1442 essc‚nihil‚
1206 1389 1295 1447 quarn

262 1483 320 1528 tarn
330 1469 448 1538 vitiosa,
461 1465 576 1524 sentire.
592 1471 690 1538 Quare
699 1465 773 1522 nihil
785 1463 843 1522 huc
857 1465 1013 1542 pertinere,
1026 1479 1059 1524 nt
1071 1466 1134 1544 ipse
1147 1467 1237 1524 alicui
1250 1487 1294 1526 as-

260 1567 411 1632 sentiatur,
418 1562 524 1622 nedum
530 1563 673 1621 Luculleae
681 1562 1083 1641 sententiae,quippeqnaeipsi
1091 1581 1127 1622 ne
1135 1562 1299 1642 probabilis

260 1660 377 1741 quidem
394 1659 547 1720 videatur:
562 1679 651 1736 quum
665 1679 719 1717 nec
732 1657 958 1731 divinationem,
974 1678 1029 1716 nec
1046 1659 1157 1732 fatum,
1171 1658 1298 1738 probet,

260 1779 297 1818 ne
309 1757 449 1818 mundum
462 1755 580 1836 quidem
590 1755 669 1814 hune
680 1756 736 1815 Dei
748 1755 888 1834 sapientia
901 1756 1050 1814 conditum
1059 1755 1189 1833 judicet;
1201 1771 1299 1830 certe,
1370 1793 1371 1798 κ

262 1859 303 1916 ita
315 1857 367 1928 sit,
389 1875 497 1925 necne,
514 1853 642 1932 ignoret,
663 1853 768 1925 3125,
789 1853 854 1910 126.
889 1853 969 1913 Nihil
990 1868 1087 1913 autem
1106 1873 1186 1926 esse,
1208 1873 1301 1933 quare
1322 1845 1329 1860 ’

261 1953 324 2033 ipse
336 1967 393 2012 tam
408 1951 514 2030 cupide
528 1953 558 2009 in
571 1950 708 2009 invidiam
722 1971 759 2008 ex
768 1970 803 2009 eo
818 1949 989 2019 adducatur,
1005 1949 1086 2028 quod
1097 1949 1170 2009 nihil
1183 1953 1259 2010 scire
1269 1971 1302 2011 se

262 2049 347 2108 dicat.
361 2049 475 2108 Stoicos
486 2048 565 2126 ipsos
579 2046 716 2106 derebus
728 2047 903 2124 gravissimis
914 2047 991 2106 inter
1002 2067 1033 2106 se
1049 2047 1205 2107 dissentire
1226 2070 1233 2105 :
1250 2053 1302 2106 Ze-

261 2164 367 2204 nonem
383 2163 450 2202 cum
464 2144 582 2222 reliquis
591 2143 713 2212 aethera;
725 2144 907 2216 Cleanthem,
924 2144 1002 2203 illius
1013 2143 1192 2214 auditorem,
1202 2157 1300 2204 etma-

264 2259 352 2320 gruum
359 2239 576 2319 philosophum,
586 2241 676 2299 solem
683 2239 926 2299 diceresummum
935 2240 1161 2300 deumetrerutn
1169 2243 1302 2301 omnium

263 2336 422 2397 dominum.
434 2337 480 2394 Ita
486 2334 829 2415 dissensionempientum
837 2337 916 2409 fieri,
925 2337 1304 2418 utdomiuumsuutnigno-

265 2451 331 2493 rare
341 2445 575 2511 cogatur,quum
589 2431 697 2491 scilicet
706 2433 829 2501 nesciat,
843 2433 942 2492 solian
952 2433 1304 2493 aetherisitsererenduml

264 2536 309 2592 Ex
330 2531 375 2588 his
396 2528 533 2588 nimirum
552 2529 695 2588 incertum
717 2549 793 2599 esse,
820 2544 886 2589 uter
905 2531 1036 2609 ipsorum
1057 2531 1094 2589 sit
1114 2529 1301 2591 modestior!
1370 2589 1371 2606 ,

264 2671 304 2684 ..
318 2633 377 2688 Has
390 2635 485 2686 tamen
498 2624 684 2705 physicorum
698 2627 871 2704 quaestiones
885 2647 916 2686 se
926 2647 987 2686 non
1001 2627 1178 2705 abjiciendas
1187 2629 1304 2706 judica-

263 2745 295 2785 re
308 2747 315 2782 t
327 2723 392 2783 acui
404 2723 502 2802 potius
516 2721 611 2800 alique
625 2721 694 2780 inde
705 2722 817 2782 animos
832 2736 860 2782 ct
871 2723 986 2802 ingenia
997 2724 1122 2784 naturali
1132 2727 1188 2784 ria
1200 2727 1304 2786 licere

261 2825 349 2904 igitur
364 2841 412 2881 eas
425 2821 539 2899 utrique
554 2821 677 2898 sapienti
689 2843 697 2878 :
711 2821 760 2880 sed
775 2823 881 2900 cuique
895 2843 950 2883 suo
965 2823 1065 2882 modo.
1081 2855 1121 2870 -
1135 2829 1303 2904 Antequam

263 2921 302 2981 ad
315 2919 410 2980 ethica
422 2920 533 2997 pergit,
548 2916 604 2990 hoe
616 2917 652 2976 ad
667 2919 818 2996 superiora
831 2919 921 2978 addit.
938 2923 1027 2993 Istos,
1045 2939 1135 2998 quum
1146 2934 1303 3000 tantopere

261 3016 389 3096 physicis
404 3015 550 3085 nitantur,
566 3033 626 3072 nou
639 3014 752 3087 videre,
770 3015 902 3093 frangere
915 3035 947 3074 se
958 3015 1026 3074 iude
1036 3017 1244 3076 auctoritatem
1257 3018 1303 3077 vel

262 3132 362 3186 earnm
376 3130 489 3183 rerum,
503 3129 568 3187 quae
584 3109 679 3168 minus
694 3110 752 3169 sint
762 3109 902 3170 obscurae.
923 3111 989 3170 Pari
1003 3131 1119 3170 assensu
1133 3113 1303 3191 approbare

263 3225 332 3278 eos,
346 3217 491 3272 statuant,
516 3221 582 3280 quar
607 3201 666 3261 illic
682 3201 895 3281 conspiciatur,
920 3222 1055 3262 mensura
1075 3203 1137 3281 ejus
1164 3220 1302 3265 accurate

264 3301 349 3370 inita,
364 3319 414 3358 sex
431 3299 538 3378 pedum
552 3317 632 3370 esse;
650 3317 683 3357 ac
695 3299 801 3370 solem,
824 3299 906 3378 cujus
922 3319 1056 3360 mensura
1069 3300 1149 3359 nulla
1162 3301 1215 3370 sit,
1233 3303 1301 3380 plus

267 3397 303 3454 18
323 3394 456 3473 partibus
473 3409 550 3454 terra
564 3413 626 3454 csse
642 3394 821 3473 ampliorem.
842 3395 915 3456 Inde
932 3396 1009 3455 hanc
1024 3397 1122 3456 valere
1136 3398 1302 3458 conclusio

269 3509 350 3550 nem:
365 3491 389 3548 si
403 3491 485 3568 quis,
501 3511 591 3569 quarn
605 3491 673 3550 solis
685 3491 854 3568 magnitudo
867 3494 979 3572 percipi
992 3513 1050 3552 non
1068 3506 1165 3572 potest
1174 3507 1300 3566 ,cetera

264 3585 438 3667 parimodo,
453 3607 512 3665 quo
525 3587 750 3666 magnitudinem
764 3589 848 3661 solis,
864 3590 1024 3682 approbet,
1038 3611 1104 3649 eum
1120 3603 1221 3650 cetera
1239 3613 1299 3652 non

266 3682 416 3764 percipere
427 3684 493 3761 :qui
505 3684 591 3766 igitur
601 3685 692 3758 hane,
704 3705 769 3764 quae
778 3687 890 3766 percipi
900 3707 960 3746 non
970 3700 1075 3766 potest,
1090 3688 1132 3746 ita
1141 3687 1299 3766 approbet,

265 3779 333 3840 acsi
347 3771 504 3857 percipiat,
517 3780 589 3838 nihil
599 3781 684 3842 istum
694 3783 853 3862 percipere.
866 3787 969 3861 Neque
982 3803 1013 3842 se
1023 3803 1169 3862 pugnare,
1184 3784 1299 3843 sihanc

265 3876 377 3957 percipi
390 3893 474 3954 posse
487 3875 616 3950 dicatur,
632 3879 655 3937 si
668 3879 756 3938 modo
770 3893 866 3938 cetera
879 3879 943 3960 pari
957 3879 1045 3939 modo
1058 3880 1170 3960 percipi
1183 3880 1294 3940 dicant.

265 3980 330 4034 Non
338 3973 413 4034 enirn
425 3973 460 4030 iis
470 3972 764 4055 hoeredistinctionc(
774 3977 850 4036 inter
864 3978 931 4057 plus
940 3979 1092 4056 minusque
1104 3984 1296 4056 perceptum)

270 4073 331 4145 uti,
345 4087 435 4148 quum
453 4069 534 4126 nulla
547 4071 577 4128 in
592 4087 751 4138 ωτσληπτοῦ
765 4073 930 4133 delinitione
946 4087 1079 4147 notetur,
1104 4079 1120 4145 ς
1138 4093 1191 4146 rap
1205 4117 1215 4146 ‚
1230 4075 1296 4134 tad.
