2764 4688
230 316 302 405 246
554 311 624 398 ΙΜ.Ι
650 319 687 386 T.
716 317 962 388 CICERONIS

228 442 289 514 chi
301 463 430 512 manus
442 452 636 510 venerant:
652 453 690 510 et
704 438 816 510 homo
830 453 959 510 uatum
972 439 1175 512 leuissimus
1188 441 1203 536 (
1211 441 1305 512 nihil

229 553 325 624 enim
358 563 501 650 poterat
531 547 651 622 fieri²⁰
675 550 739 620 illo
763 553 910 648 mitius)
940 551 1154 623 stomachari
1179 567 1305 625 tamen

228 663 350 759 coepit.
385 659 562 748 Mirabarr
593 685 713 758 neque
742 664 839 732 enim
871 685 1046 758 umquam
1071 677 1177 734 antea
1201 663 1304 736 vide·

227 797 305 844 ram
315 781 358 843 ²¹.
379 779 425 846 At
441 772 500 843 ille
517 771 688 842 Heracliti
698 781 730 815 ²²
746 777 958 844 memoriam
970 774 1187 871 implorans,
1203 797 1305 872 quae-

228 908 309 956 rere
334 909 378 956 ex
396 907 462 971 eo,
487 880 746 954 viderenturne
769 883 829 955 illa
850 885 1030 974 Philonis,
1056 901 1118 956 aut
1143 909 1184 957 ea
1212 911 1306 956 num

228 996 326 1067 vele
351 994 528 1083 Philone,
552 994 610 1064 vel
633 1019 678 1065 cx
700 994 776 1066 ullo
796 995 1001 1068 academico
1026 996 1222 1067 audivisset
1242 997 1308 1066 ali·

228 1105 399 1204 quando?
422 1103 595 1201 Negabat.
618 1105 778 1178 Philonis
797 1122 918 1179 tamen
934 1111 1112 1206 scriptum
1132 1131 1309 1205 agnosce-

227 1213 353 1306 bat²³;
375 1241 444 1288 uec
462 1215 499 1287 id
522 1213 670 1313 quidem
693 1216 852 1289 dubitari
871 1233 1024 1316 poterat.
1043 1223 1136 1292 Nam
1152 1219 1309 1292 aderaut

226 1331 298 1398 mei
330 1325 540 1413 familiares,
571 1325 668 1397 docti
700 1327 930 1416 hominess,
958 1334 995 1400 P.
1026 1345 1062 1401 et
1092 1334 1131 1401 C.
1160 1329 1247 1402 Selii
1260 1327 1309 1417 ²⁵,

228 1453 264 1510 et
291 1439 459 1510 Tetrilius
492 1441 615 1535 Bogus
635 1434 687 1524 ²⁶3
730 1441 796 1535 qui
833 1463 871 1510 se
906 1438 967 1511 illa
997 1439 1139 1511 audisse
1158 1451 1190 1496 ²⁷
1230 1443 1308 1511 Ro-

227 1673 356 1729 dicuutur,
374 1683 478 1732 quaeque
499 1663 515 1730 5
538 1681 584 1724 ru,
606 1665 740 1724 dicuutur3
823 1666 865 1714 23.
878 1665 998 1730 Scriptum
1011 1665 1170 1730 agrsurosbat.
1183 1666 1309 1730 Scriptura

226 1750 289 1802 illud
307 1750 364 1798 satis
381 1748 444 1796 clare
458 1745 516 1794 iude
529 1745 624 1792 elucere
637 1745 743 1805 videtur,
787 1756 823 1794 cst
844 1762 890 1809 pro
901 1745 1023 1794 scribendi
1030 1761 1136 1811 genere,·
1150 1744 1311 1816 σύγγρπμμ

227 1830 342 1880 Catulum
351 1828 432 1892 priore
441 1827 518 1884 libro,
529 1826 576 1889 ipsi
585 1827 744 1888 cognomine,
787 1826 821 1890 (le
833 1825 913 1890 sole).
928 1827 1015 1875 Noluit
1029 1828 1094 1876 enisu
1110 1837 1199 1876 auctor
1215 1827 1267 1875 hoc
1282 1829 1310 1874 iu

228 1908 480 1976 quumiuuuiversum
488 1905 743 1976 Academiaeratioues,
788 1916 905 1953 coutextu
925 1903 1081 1970 scriptionem
1100 1921 1209 1971 ponere,
1236 1907 1311 1971 quud

228 2006 273 2056 per
279 1987 373 2052 singula
381 1997 488 2050 tempora
495 1983 586 2043 eundo,
592 1987 743 2048 exposuisse,
788 1984 846 2032 alias
858 1985 927 2034 solut.
942 1987 974 2034 G.

230 2081 282 2118 tum
294 2069 319 2114 iu
330 2067 440 2115 Arcesilae
451 2066 554 2113 maxime
564 2065 744 2129 Carneadisque
782 2093 784 2100 ι
824 2073 866 2121 ut.
880 2064 955 2112 Docti
965 2064 1086 2114 homiues.
1099 2067 1176 2114 Recte
1187 2066 1273 2114 Daris.
1284 2075 1311 2114 et

229 2147 386 2214 philosophia
405 2149 437 2193 ita
457 2145 606 2207 substitisse,
625 2156 654 2192 ut
672 2145 743 2194 simul
788 2145 845 2192 Em.
858 2155 892 2202 et,
905 2159 960 2208 quae
974 2145 1034 2192 oliru
1046 2155 1102 2194 aute
1115 2144 1184 2192 docti
1195 2143 1310 2193 homines

230 2244 273 2288 ea,
288 2243 343 2291 quae
358 2224 429 2274 Philo
443 2235 590 2284 novaverat,
607 2227 744 2292 accuratius
787 2222 930 2281 addebatur,
944 2223 1069 2282 delerant,
1084 2226 1219 2288 ignoratam
1233 2227 1309 2272 etiam

229 2317 357 2362 enarraret.
378 2307 423 2353 llis
445 2305 590 2354 Hortensius
615 2320 645 2351 eo
668 2304 743 2353 modo
788 2304 878 2351 uostris
899 2303 972 2351 codd.
996 2305 1081 2367 Neque
1103 2304 1209 2368 denique
1234 2307 1309 2353 Grut.

228 2385 410 2452 respoudit,ut
421 2385 551 2432 Antiochia
567 2383 647 2431 omnia
659 2399 741 2448 oppo·
790 2382 938 2440 audiendus,
957 2383 999 2446 qui
1016 2399 1062 2447 pro
1079 2383 1203 2442 homines,
1222 2401 1310 2434 omues

229 2477 304 2515 neret.
320 2463 587 2529 Equihushut'tochiis
596 2461 643 2510 sihi
654 2463 742 2510 Lucul·
790 2461 895 2524 prohat:
910 2463 943 2510 ita
959 2464 1023 2511 enim
1037 2463 1123 2512 scribae
1137 2464 1231 2528 ubique
1246 2481 1309 2530 pec·

218 2547 267 2594 'lua
285 2545 326 2592 illa
346 2567 358 2586 α
371 2544 401 2592 dc
418 2557 532 2590 sensuum
553 2543 653 2591 veritate
671 2555 696 2592 et
712 2542 742 2592 de
790 2553 855 2589 caut.
871 2543 926 2590 Huc
940 2542 997 2592 loco
1011 2543 1155 2592 Ciceronem
1170 2543 1207 2592 vel
1221 2561 1253 2592 ux
1267 2561 1308 2592 re-

230 2641 327 2674 aaseusu
338 2647 351 2666 ν
363 2623 491 2687 separatim
502 2623 620 2686 sumpsit,
630 2639 685 2686 quae
694 2623 742 2670 hoc
790 2623 904 2672 centiorIs
919 2623 1046 2672 latinitatis
1058 2624 1136 2672 abusu
1147 2623 1218 2686 loqui
1227 2625 1310 2686 jusse-

230 2705 257 2752 iu
268 2703 408 2768 posterioria
417 2701 475 2750 libri
484 2717 595 2750 sermone
605 2702 744 2765 diligentius
788 2701 831 2749 ris.
844 2703 876 2750 G.

230 2794 352 2832 tractaret.
371 2783 401 2830 G.
826 2783 867 2829 25.
879 2783 907 2830 Ρ.
918 2792 943 2828 et
957 2781 983 2828 C.
996 2780 1061 2830 Selii.
1080 2783 1118 2830 De
1136 2782 1227 2846 quibus
1245 2783 1308 2832 uilril

267 2878 307 2911 uo.
327 2857 397 2908 Fieri
405 2859 420 2908 i.
435 2875 467 2906 tn.
486 2861 565 2907 Locus
578 2859 618 2908 hiu
634 2859 744 2924 epaucis
789 2860 892 2924 amplius
901 2871 1011 2920 coustat,
1027 2875 1100 2924 quam
1110 2861 1309 2910 eruditosluisse

230 2953 280 3004 est,
292 2942 319 2988 iu
332 2956 382 3005 quo
395 2939 561 3007 scribaefieri,
572 2955 619 3003 pro
633 2953 684 2986 esse
695 2956 743 3004 po·
788 2942 816 2988 L.
832 2940 928 2988 Luculli
940 2941 1046 2998 amicos,
1060 2942 1221 3007 Philonisque
1233 2943 1308 2992 audi-

230 3023 318 3082 situm,
334 3037 387 3068 uon
407 3020 531 3067 tentarint.
549 3019 587 3067 Cl.
606 3020 639 3068 N.
655 3020 686 3066 D.
703 3021 743 3078 II,
788 3029 861 3066 tores.
870 3023 902 3068 ll.

233 3117 274 3164 17,
291 3101 322 3158 ti
336 3119 343 3150 .·
359 3122 370 3144 ι
383 3115 433 3164 qno
447 3098 509 3146 nihil
521 3096 575 3146 lieri
588 3099 744 3147 excellentius
825 3100 867 3146 ab.
890 3097 1001 3147 Tetrilius
1022 3101 1112 3164 Negata.
1137 3101 1189 3150 Erl.
1216 3101 1308 3165 reliqui

230 3192 312 3244 potest
322 3202 343 3229 ι.
355 3180 387 3228 G.
788 3179 929 3242 mei,.cum
946 3179 1090 3243 plerisque,
1114 3195 1227 3243 expresse
1248 3183 1308 3228 Ter-

267 3277 308 3311 ur.
320 3259 404 3324 Neque
417 3257 493 3307 enirn.
503 3292 510 3304 .
521 3267 609 3306 ‚autea
622 3256 742 3308 uideram.
788 3259 862 3308 tilius.
882 3263 950 3321 Frag.
971 3257 1028 3308 cod.
1050 3266 1077 3306 ut
1094 3260 1181 3324 scripti
1203 3260 1307 3324 quidam

231 3340 299 3390 θαι,
307 3338 349 3386 dat
357 3353 402 3384 nec
409 3337 647 3398 euim...untev.lta,
654 3338 744 3401 iuquit,
789 3338 883 3396 Ursini,
901 3337 1027 3386 Tetrinius.
1043 3339 1112 3401 Quid
1126 3341 1229 3402 mirum,
1245 3342 1266 3388 si
1280 3343 1306 3388 iu

228 3416 327 3466 codices
345 3417 394 3464 mei
408 3432 454 3480 pro
466 3417 566 3480 vulgato
586 3439 598 3458 ι
610 3432 701 3480 neque.
713 3450 737 3464 ..
787 3420 874 3482 ignoto
893 3418 993 3466 homine
1012 3417 1099 3466 scribae
1115 3421 1241 3482 peccaut?
1257 3420 1306 3468 Sed

228 3507 299 3545 antea
314 3497 366 3543 vid.
378 3517 390 3538 s
403 3494 465 3542 illud
481 3496 595 3544 Gudiuuo
610 3495 687 3544 ruodo
700 3512 743 3543 cx·
789 3499 883 3547 Tetrilii
888 3513 979 3546 nomen
987 3500 1097 3562 nuspiam
1105 3499 1307 3563 reperiturtinde

229 3587 315 3640 cepto;
327 3575 460 3640 posterius,
474 3591 504 3623 nc
512 3575 562 3624 hoc
571 3576 679 3642 quidem.
689 3576 742 3624 Nec
786 3580 844 3627 VV.
859 3581 914 3626 DD.
927 3601 939 3620 u
949 3575 1097 3640 Tertullius,
1109 3579 1238 3636 Cretilius,
1247 3581 1308 3628 Tre-

228 3657 299 3705 aliter
314 3657 386 3703 Vieu.
402 3655 530 3704 Consentis
550 3658 574 3704 iu
592 3673 636 3704 nec
656 3658 741 3706 Daris.
787 3658 870 3716 cilius,
883 3668 929 3706 etc.
939 3679 951 3698 a
968 3657 1090 3716 Derriniur
1101 3658 1202 3720 quida-
1217 3659 1308 3722 legitur

227 3737 320 3801 quippe
335 3735 404 3800 quod
419 3752 449 3784 ex
461 3735 511 3783 suia
525 3737 596 3784 tacite
610 3737 663 3804 (ita
676 3738 741 3784 euim
786 3739 852 3803 apud
863 3739 932 3788 Suet.
944 3736 1008 3802 Aug.
1020 3739 1069 3800 tt,
1081 3737 1125 3786 ubi
1137 3753 1209 3802 aque
1219 3741 1305 3804 scripti

227 3818 289 3865 solet
307 3814 332 3882 ),
353 3815 473 3864 ediderit:
495 3817 520 3862 in
541 3829 600 3864 aute
622 3818 694 3866 etiam
714 3813 739 3882 ψ,
785 3819 895 3866 miscent.
907 3817 1026 3882 Equidem
1037 3829 1141 3882 utroque
1152 3817 1211 3866 loco
1226 3819 1306 3868 Terti-

226 3899 289 3947 Veu.
301 3901 381 3958 1494,
392 3913 446 3943 uum
456 3895 509 3943 aliis
518 3899 696 3948 vetusexcuuis.
708 3900 739 3946 G.
784 3898 840 3946 nius
860 3897 951 3947 malim.
971 3897 1011 3948 Cl.
1029 3901 1103 3948 Grac.
1122 3899 1216 3946 hacrr.
1237 3899 1304 3956 563,

263 3991 307 4028 ua.
327 3973 458 4033 Heracliti,
474 3975 540 4024 illius
548 3976 633 4040 Tyrii,
645 3977 676 4025 de
690 3993 741 4042 quo
784 3993 809 4028 n.
822 3995 845 4039 7.
857 3977 889 4026 G.

226 4056 471 4122 supra,§11,iuit.
822 4056 1081 4121 27.Audiste.Scripti
1089 4066 1136 4106 tres
1145 4057 1303 4106 meietVieu.
