2764 4688
236 353 306 441 248
580 363 628 428 M.
655 362 693 429 T.
720 358 965 428 CICERONIS
990 371 1001 390 '

235 477 326 564 tius,
350 491 393 548 ut
417 501 561 549 causam
587 505 632 551 ex
662 504 706 550 eo
732 492 847 549 totam
872 499 1142 575 cognoscerem.
1177 482 1309 577 Itaque
1370 524 1373 532 ·

235 587 442 686 complures
464 587 558 678 dies,
584 587 747 661 adhibito
773 587 969 667 Heraclito,
996 587 1184 686 doctisque
1204 613 1309 660 com-

234 697 418 796 pluribus,
433 700 517 768 etin
530 699 586 770 his
599 697 769 770 Antiochi
780 695 889 768 fratre
900 700 1018 769 Aristo
1029 693 1075 784 3⁴,
1087 711 1123 768 et
1134 713 1311 796 praeterea

233 805 457 898 Aristone35,
471 825 508 880 et
521 811 639 880 Dione
648 805 694 898 ³⁶,
709 807 844 905 quibus
862 808 921 879 ille
938 807 1141 879 secundum
1158 809 1310 882 fratrem

233 917 433 1017 plurimum
466 917 673 1006 tribuebat,
702 919 859 990 multum
886 920 1058 1018 temporis
1083 921 1122 990 in
1144 922 1212 993 ista
1235 947 1310 994 una

234 1029 479 1127 disputatione
497 1031 800 1128 consumpsimus.
815 1029 885 1100 Sed
898 1055 940 1102 ea
956 1054 1059 1128 pars,
1081 1056 1161 1128 quae
1181 1049 1311 1105 contra

234 1143 426 1216 Philonem
457 1139 557 1232 era't,
584 1143 890 1242 praetermittenda
923 1141 1031 1216 est³⁷.
1063 1149 1185 1218 Minus
1210 1149 1311 1218 enim

234 1279 317 1326 acer
346 1268 400 1326 est
425 1253 649 1326 adversarius
673 1256 719 1342 is,
746 1255 811 1352 qui
835 1255 921 1342 ista,
943 1279 1024 1352 quae
1044 1270 1130 1342 sunt
1147 1255 1230 1326 beri
1246 1258 1312 1329 de·

233 1363 354 1454 sensa,
380 1380 488 1462 negat
517 1367 740 1438 academicos
767 1369 918 1438 omnino
947 1366 1078 1438 dicere.
1103 1367 1178 1438 Etsi
1207 1370 1312 1439 enim

234 1477 421 1564 mentitur,
441 1491 562 1547 tamen
583 1491 636 1550 est
659 1478 883 1550 adversarius
901 1473 1068 1552 lenior³⁸.
1092 1475 1145 1550 Ad
1170 1482 1312 1552 Arcesi-

233 1587 305 1658 lam
323 1587 616 1687 Carneademque
633 1595 828 1662 veniamus.

179 1702 216 1776 '13
283 1702 326 1769 V.
346 1700 434 1787 Quae
452 1724 567 1796 quum
585 1699 749 1788 dixisset,
772 1703 823 1772 sic
837 1726 962 1772 rursus
978 1726 1125 1772 exorsus
1140 1716 1215 1772 est:
1231 1703 1311 1772 Pri·

234 1833 336 1879 mum
355 1809 444 1879 mihi
461 1810 632 1882 videmini
651 1811 734 1908 (me
757 1825 878 1883 antem
899 1814 1048 1883 nomine
1065 1809 1312 1910 appellabat),

272 1987 315 2043 34,
332 1989 424 2036 Aristo.
442 1991 553 2052 Aristus,
567 1989 745 2038 iraterAntio-
779 2053 781 2059 y
828 1991 869 2040 ³6.
893 1989 979 2038 Dione.
1002 1991 1051 2039 Dio
1070 1991 1097 2040 h.
1116 1990 1135 2039 1.
1160 1999 1314 2037 memoratur

235 2066 284 2124 chi,
293 2068 428 2116 conditoris
441 2070 579 2117 Academia:
593 2071 694 2134 quintas,
707 2070 746 2117 dr-
789 2069 964 2128 Academicus,
980 2069 1072 2134 dequo
1088 2071 1138 2118 vid.
1151 2086 1199 2134 pro
1213 2069 1312 2129 Coelio,

234 2146 386 2195 versissimus
401 2159 436 2196 est
454 2149 485 2196 ab
502 2148 615 2196 Aristone
635 2147 681 2214 (de
695 2165 746 2212 quo
790 2167 812 2198 c.
828 2165 874 2210 ro,
896 2161 920 2198 et
939 2150 1019 2199 Strab.
1031 2149 1050 2199 l.
1065 2151 1152 2208 ΠΗ,
1174 2166 1202 2214 p.
1218 2159 1286 2210 1147
1303 2165 1310 2195 :

236 2221 318 2287 infre).
332 2229 367 2273 Η.
790 2230 877 2277 missus
889 2241 939 2278 erat
955 2229 985 2278 ab
1002 2228 1175 2278 Alexandrinis
1189 2229 1312 2286 Romam,

271 2303 461 2356 35.,Aristonc.
489 2309 562 2354 Hunc
585 2307 673 2354 Chium
696 2322 747 2356 esse
790 2309 897 2372 legatus,
914 2321 941 2357 ut
960 2309 995 2356 ibi
1013 2309 1173 2358 Ptolemaeum
1192 2308 1310 2356 Auletean

234 2379 425 2448 philosophum,
445 2395 547 2450 propter
565 2400 631 2431 suam
650 2385 748 2433 dicendi
792 2399 924 2437 accusaret.
940 2391 972 2438 H.

234 2461 389 2514 dulcedinem
411 2464 520 2523 clarum,
541 2463 646 2512 Zenonis
664 2464 747 2512 Cittiei
828 2468 870 2528 37.
885 2471 946 2532 Qucc
958 2478 1056 2515 contra.
1067 2503 1073 2516 .
1085 2466 1311 2531 ¹praesumtiosum:

234 2557 362 2604 coaevum,
379 2543 453 2592 docet
475 2542 545 2593 Hiils.
560 2546 698 2596 comment.
715 2543 748 2591 ad
760 2551 771 2560 ”
791 2557 836 2596 est.
850 2547 915 2596 Gud.
929 2549 974 2596 Dr.
983 2559 1008 2595 et
1018 2563 1074 2594 cum
1081 2549 1144 2595 Ven.
1159 2555 1241 2609 1494,
1250 2545 1310 2595 edd.

233 2622 258 2670 h.
271 2621 289 2670 l.
303 2640 361 2688 pag.
378 2624 439 2682 453.
454 2627 534 2688 Quem
547 2625 582 2672 sic
601 2624 748 2672 mordaciter
791 2637 850 2673 vett.
877 2625 958 2690 plures
984 2626 1072 2682 verbe,
1093 2624 1310 2692 proeterrrsitterrda

152 2737 155 2742 -
233 2703 312 2766 carpit
326 2706 448 2754 Goerenz:
463 2706 580 2752 Vivacem
595 2717 687 2753 sancet
704 2721 746 2752 an·
792 2715 842 2763 est,
855 2715 910 2752 ante
922 2718 1089 2768 quoeeontra,
1100 2717 1148 2754 etc.
1159 2715 1266 2769 ponunt.
1278 2707 1311 2752 G.

233 2801 319 2832 nosum
328 2785 452 2835 hominem
460 2787 531 2835 nobis
540 2787 566 2833 in
575 2787 623 2834 boe
632 2787 747 2834 Aristone
828 2785 871 2832 38.
887 2784 1046 2832 Adversarius
1058 2784 1146 2834 leuior.
1162 2783 1248 2831 lamb.
1258 2800 1312 2830 ma·

232 2864 419 2914 sistitlliilsem.
433 2870 525 2931 qnippe
543 2882 594 2914 noo
608 2867 656 2913 scre
670 2882 748 2914 annos
792 2863 845 2911 vult
865 2863 947 2912 levior.
967 2865 1050 2913 Daris.
1069 2863 1181 2928 qni'sic,
1199 2874 1229 2910 nt
1247 2863 1310 2910 nihil

224 2955 325 2995 oratum.
341 2947 364 2994 Si
381 2948 445 2997 enim
460 2963 515 2994 vere
529 2946 597 2995 bunc
608 2946 747 2994 Aristonem
791 2944 878 2989 mirum
894 2954 945 3003 est,
959 2945 985 2991 in
1000 2941 1077 2990 tribus
1091 2943 1142 2989 suis
1158 2942 1269 3006 reperit,
1283 2943 1310 2990 in

231 3025 297 3072 Zeno
313 3027 414 3076 Cittieus
427 3027 554 3092 loquacem
573 3026 650 3085 dixit,
672 3035 747 3090 prout
791 3033 900 3069 neutram
923 3034 1016 3086 partem
1035 3021 1188 3086 pronuntiat.
1207 3023 1244 3068 At
1262 3039 1310 3068 nos

231 3103 271 3151 hic
282 3109 389 3167 testatur,
403 3109 469 3154 Zeno
485 3117 565 3155 autem
580 3122 602 3152 a.
613 3107 644 3152 tt.
655 3107 683 3154 C.
694 3105 744 3160 stt
790 3117 821 3148 ne
833 3101 991 3164 probaremus
1002 3102 1116 3164 quidem,
1129 3101 1151 3148 si
1162 3101 1310 3149 auctoritate

231 3196 341 3233 mortuus
356 3198 407 3246 est3
425 3186 571 3234 lacileratio
589 3186 642 3232 haec
662 3195 745 3231 nostra
789 3181 936 3249 scriptorum
969 3179 1155 3229 confirmaretur
1184 3182 1307 3231 omnium.

231 3265 369 3323 constabit,
387 3267 408 3313 si
426 3265 497 3314 idem·
508 3265 549 3313 ille
568 3265 619 3326 669
638 3263 744 3312 Alexan·
789 3259 884 3307 Leonas
903 3261 968 3307 enim
981 3260 1048 3325 apud
1060 3270 1187 3307 auctorem
1201 3263 1309 3307 maxime

231 3339 291 3388 driae
311 3343 366 3392 snit.
385 3345 479 3392 Vitium
504 3345 530 3392 in
556 3360 585 3391 eo
604 3354 655 3400 est,
673 3342 744 3406 qnod
787 3329 926 3389 aestetensis
939 3351 990 3388 est:
1004 3340 1109 3387 oriretur
1119 3339 1177 3386 inde
1189 3339 1310 3402 ambigni-

231 3423 314 3468 Aristo
332 3423 373 3469 ille
391 3424 466 3472 Chius
484 3440 539 3472 cum
553 3439 598 3483 eo,
613 3421 655 3486 qui
676 3420 701 3468 b.
723 3421 743 3470 l.
789 3427 825 3465 tas
845 3418 970 3484 quaedam,
989 3429 1017 3470 nt
1038 3417 1068 3464 de
1088 3417 1235 3481 corrigendo
1251 3417 1309 3466 loco

230 3512 387 3560 memoratur,
397 3502 513 3549 confusus
524 3513 657 3566 est;qnem
668 3499 744 3548 Alex·
789 3499 948 3562 cogitandum
974 3499 1045 3545 soret.
1062 3497 1152 3544 Sensus
1166 3499 1313 3556 ests-Etsi

230 3579 360 3626 andrinnm
369 3597 432 3639 esse,
448 3581 547 3642 judico,
561 3582 630 3641 cujus
641 3581 744 3628 mentio·
788 3578 887 3640 quidem
899 3587 1054 3642 argumenta,
1064 3577 1154 3640 quibus
1165 3588 1309 3642 oppugnet,

230 3675 287 3706 nem
312 3659 370 3707 facit
392 3661 466 3724 Diog.
485 3657 566 3708 ¹Laert.
585 3661 649 3718 v11,
677 3661 741 3716 164,
787 3655 1175 3720 fingit:tamenvelsicparvam
1186 3657 1308 3706 sanevim

231 3739 335 3802 quique,
350 3738 435 3786 eodem
449 3752 565 3797 anctore,
579 3742 612 3798 V,
623 3741 668 3798 61,
677 3739 743 3786 Peri·
786 3737 877 3786 babent
886 3761 908 3786 n.
923 3741 1037 3804 Repetite
1049 3737 1103 3786 haec
1117 3739 1191 3786 etism
1206 3753 1308 3803 ponun-

230 3818 364 3882 patetiens,
378 3817 531 3866 Alexandriae
545 3819 614 3865 vixit.
624 3817 742 3865 Enmdem
788 3827 839 3874 tur,
859 3833 914 3881 qnae
932 3819 1017 3882 paucis
1036 3831 1092 3865 ante
1111 3817 1211 3886 variatis
1229 3817 1307 3865 modo

229 3897 268 3944 bis
297 3914 353 3944 cum
380 3897 504 3945 Antiocho
522 3901 656 3958 J'nnctnm,
685 3897 742 3944 vide
787 3895 867 3943 verbis
880 3896 986 3955 dixerat,
1000 3897 1103 3945 «minus
1120 3898 1185 3947 enim
1200 3913 1258 3944 acer
1272 3905 1309 3943 est

229 3976 302 4025 Tusc.
308 3980 340 4034 V,
357 3973 391 4024 8»
402 3976 456 4042 (ubi
471 3986 550 4024 tamen
563 3992 609 4040 pro
618 3976 739 4032 Aristone,
788 3975 937 4024 sdversarius
945 3999 967 4025 u.
979 3976 1037 4024 Acri
1044 3986 1137 4035 antem,
1146 3975 1226 4022 veluti
1234 3977 1308 4036 vino,

229 4055 326 4114 Aristo,
338 4054 388 4104 abl.
400 4072 464 4113 casn,
474 4056 580 4103 Doctiss.
592 4055 647 4102 VV.
661 4055 742 4117 legen·
787 4054 878 4118 ubique
889 4055 967 4102 lenius
977 4056 1120 4120 opponitur,
1134 4066 1162 4103 nt
1174 4053 1309 4102 temeritas

221 4134 286 4181 'ditm
303 4129 418 4194 videtur).
433 4135 464 4180 G.
789 4133 918 4182 virtutibus
921 4133 1084 4198 ferventiores
1090 4133 1139 4182 Oll'.
1148 4137 1160 4181 1
1165 4169 1174 4192 ‚
1186 4138 1230 4196 15,
1243 4149 1267 4182 2.
1275 4135 1306 4182 G.
