2762 4682
250 379 316 430 tta
594 359 975 430 ARGUMENTUM.

284 481 358 556 otio,
371 477 500 560 ejusdem
521 479 619 540 studio
638 501 728 540 unum
749 479 848 540 sibiet
863 481 997 540 solatium
1013 481 1119 559 quaeri,
1135 493 1164 543 et
1183 479 1318 541 oblecta·

283 590 421 642 mentum.
447 579 631 636 Pascentem
652 597 720 636 sane
737 577 795 636 hoc
816 576 906 656 ipsius
927 575 1055 636 studium
1068 595 1158 655 quum
1173 579 1318 636 senectuti

284 674 541 754 aptissimum,tum
550 673 637 734 rebus
646 675 733 754 gestis
740 673 1080 746 accommodatissimum,
1089 673 1318 753 erudiendisque

283 771 396 831 civibus
419 772 609 832 utilissimum.
630 772 772 851 Exemplo
788 771 875 832 etiam
893 773 924 830 in
941 791 975 830 ea
990 792 1022 831 re
1040 774 1160 831 Brutum
1176 773 1314 851 praeisse,

286 889 341 941 ιι,
367 889 411 928 ra.

322 969 388 1039 Qua
398 965 436 1024 de
446 987 479 1025 re
488 985 578 1044 quum
590 985 621 1024 se
630 969 725 1024 Varro
737 966 861 1045 amplius
873 964 1100 1025 deliberaturum
1113 964 1242 1038 dixisset,
1249 985 1318 1023 eau-

281 1083 399 1142 samque
421 1063 584 1141 quaesisset,
610 1061 687 1120 unde
714 1062 776 1122 Cic.
790 1061 978 1122 Academiam
998 1071 1125 1120 veterem
1147 1081 1215 1119 cum
1236 1081 1317 1120 nova

281 1161 471 1240 permutant,
493 1161 543 1220 hic
557 1173 655 1220 autem
669 1180 701 1219 se
721 1175 752 1220 et
768 1161 904 1222 Antiochi
919 1159 1091 1220 Ascalonita
1107 1159 1242 1238 exemplo
1263 1159 1316 1218 de·

272 1259 433 1330 'lendisset,
448 1270 479 1318 et
499 1257 579 1336 quod
599 1258 761 1317 recentiora
782 1258 871 1317 etiam
891 1258 1067 1316 correctiora
1082 1276 1144 1314 esse
1163 1256 1313 1330 solerent,

217 1349 219 1356 '
280 1355 468 1432 Philonisque
492 1355 682 1427 auctoritate,
704 1353 849 1434 duplicem
865 1353 1053 1415 Academiam
1080 1374 1142 1413 esse
1158 1366 1315 1431 negassem

281 1464 442 1510 commotus
458 1449 507 1508 ille
518 1451 605 1530 hujus
620 1449 756 1530 precibus
768 1493 777 1522 ,
790 1463 820 1510 et
834 1449 871 1509 de
882 1449 1021 1510 Antiochi
1034 1462 1136 1508 eontra
1152 1448 1228 1506 hanc
1242 1447 1317 1507 Phi-

280 1547 355 1607 lonis
376 1549 547 1607 sententiam
570 1546 748 1620 rationibus,
765 1559 795 1605 et
814 1547 852 1606 de
875 1546 1012 1608 raniversa
1033 1559 1132 1605 vetere
1155 1545 1317 1605 Academia

279 1643 479 1705 disserendum
490 1644 624 1723 suscepit.
638 1649 683 1704 Ex
695 1664 754 1722 quo
768 1644 858 1721 igitur
872 1641 1082 1716 consedissent,
1092 1646 1186 1701 Varro
1197 1642 1317 1703 Acade-

278 1741 361 1802 mieae
374 1741 566 1821 philosophiae
583 1742 666 1819 quasi
681 1741 834 1800 historiam
847 1741 885 1799 ita
902 1739 1079 1820 ingreditur,
1092 1739 1138 1811 13,
1151 1746 1197 1806 14·

317 1845 408 1900 Orsus
422 1859 440 1898 a
460 1842 598 1912 Socrate,
611 1839 662 1917 qui
685 1839 796 1918 primus
810 1837 1047 1916 philosophiam,
1066 1835 1188 1896 antehae
1201 1835 1232 1892 in
1244 1835 1317 1893 solis

277 1937 407 2013 Physicis
426 1949 617 2015 occupatam,
644 1935 682 1995 ad
696 1937 785 1996 vitam
805 1955 958 2014 moresque
979 1935 1131 1995 hominum
1147 1951 1317 1992 accommo-

231 2093 232 2100 χ
277 2032 368 2105 derit,
396 2033 464 2092 licet
478 2034 541 2112 ipse
554 2053 610 2112 pro
627 2047 707 2100 certo
725 2033 798 2091 nihil
815 2044 974 2103 statueret,
991 2031 1044 2106 15,
1069 2032 1124 2101 16,
1150 2027 1248 2107 pergit
1275 2027 1316 2086 acl

277 2130 444 2202 Platonem,
465 2151 500 2188 ex
527 2131 609 2208 cujus
635 2130 768 2190 ubertate
791 2128 900 2210 duplex
929 2128 1172 2209 philosophorum
1203 2126 1316 2185 familia

277 2238 379 2289 coorta
394 2226 449 2298 sit,
462 2247 527 2304 quae
541 2246 601 2285 non
614 2241 673 2286 tam
686 2227 790 2301 rebus,
804 2247 891 2306 quam
905 2225 1071 2286 nominibus
1087 2224 1217 2296 disserat,
1231 2229 1317 2282 Aca-

277 2320 382 2381 demici
396 2334 426 2379 et
436 2322 621 2400 Peripatetici
631 2344 638 2380 ε
648 2342 773 2400 quorum
788 2338 912 2402 utraque
927 2321 1142 2402 philosophiam
1152 2321 1182 2379 in
1195 2333 1310 2380 certam

278 2416 433 2494 quamdam
447 2419 571 2477 formam
581 2417 740 2496 redegerit,
752 2419 852 2478 relicta
867 2419 916 2478 illa
933 2419 1060 2480 Socratis
1074 2437 1204 2476 assensus
1213 2429 1315 2474 reten-

277 2514 370 2586 tione,
395 2514 446 2573 sed
461 2513 563 2574 eodem
577 2535 614 2574 ex
630 2515 730 2588 fonte,
750 2514 911 2592 eademque
928 2515 959 2572 in
973 2514 1075 2575 ethicis
1091 2512 1310 2592 descriptione,
1357 2577 1361 2586 ,

226 2609 228 2620 '
280 2630 326 2684 17,
343 2613 387 2670 ιθ.
406 2610 564 2689 Triplicem
580 2624 677 2670 autem
692 2623 882 2690 utrorumque
893 2630 955 2669 esse
967 2611 1194 2691 philosophiam,
1205 2629 1223 2668 a
1236 2609 1311 2668 Pla-

277 2720 345 2766 tonc
362 2721 530 2787 acceptam,

330 2833 334 2840 ’
394 2841 418 2895 1.
439 2841 483 2894 De
497 2837 556 2894 vita
570 2849 599 2894 et
612 2837 742 2896 moribus
755 2837 913 2916 (moralem
925 2836 1128 2916 doctrinam);

393 2935 433 2991 11.
454 2937 499 2992 De
514 2947 618 2992 natura
633 2946 664 2993 et
680 2933 769 2993 rebus
785 2935 906 2993 occultis
920 2933 1123 3015 (physicam),

396 3034 452 3090 111.
472 3034 518 3090 De
530 3029 699 3090 disserendo
715 3029 940 3111 (dialecticam).

318 3204 344 3260 1.
370 3205 444 3274 Quae
458 3199 562 3278 primae
577 3198 668 3276 partis
684 3212 793 3270 essent,
814 3199 876 3258 haec
890 3219 939 3258 eos
953 3199 1038 3258 unice
1052 3219 1068 3257 a
1083 3212 1186 3257 natura
1200 3199 1314 3276 repeti-

275 3297 364 3369 visse,
376 3297 417 3355 sic
431 3311 463 3355 ut
481 3297 568 3354 finem
585 3296 729 3355 bonorum
745 3296 775 3354 in
791 3297 937 3375 corporis,
962 3297 1063 3369 animi,
1079 3297 1206 3374 vitaeque
1225 3295 1313 3356 honis

273 3392 397 3469 junctim
409 3407 567 3472 ponerent,
576 3413 670 3470 eaque
680 3394 810 3468 corporis
819 3413 910 3470 quum
921 3393 958 3453 ad
970 3407 1062 3452 totum
1073 3406 1151 3466 ,tum
1165 3393 1202 3464 ad
1211 3407 1313 3470 partes

276 3489 338 3565 ejus
352 3489 525 3560 relerentes,
541 3509 592 3566 193
604 3489 712 3558 animi,
727 3489 833 3566 partim
843 3502 970 3568 npturae,
981 3490 1087 3568 partim
1103 3509 1218 3548 morum
1232 3489 1312 3548 diem-

276 3597 362 3642 rent:
376 3585 487 3662 reliqua
507 3585 634 3663 denique
655 3586 726 3642 eice
746 3583 841 3659 bona,
858 3587 973 3644 virtutis
990 3605 1073 3644 usum
1084 3586 1235 3663 juvantia,
1255 3590 1312 3644 ad-

268 3682 375 3752 juncta
388 3695 525 3740 vocarent
538 3724 546 3752 ,
560 3703 612 3755 ao,
632 3703 679 3740 αι.
703 3687 744 3744 Ut
756 3697 852 3742 autem
868 3684 986 3760 utrique
1000 3685 1031 3742 in
1045 3682 1148 3742 eodem
1163 3681 1311 3743 bonorum

276 3778 333 3835 fine
356 3779 552 3850 consentiant,
582 3779 623 3838 ita
646 3779 683 3837 ab
704 3777 807 3838 iisdem
822 3780 907 3838 etiam
934 3781 996 3838 sola
1019 3779 1049 3836 in
1067 3780 1174 3838 virtute
1195 3777 1312 3838 beatam

243 3932 245 3938 ,
276 3876 366 3934 vitam
379 3875 466 3934 statui
479 3897 487 3932 t
509 3877 549 3934 sic
566 3888 679 3946 tamen,
696 3888 729 3933 ut
741 3877 873 3955 eorporis
889 3891 918 3935 et
935 3877 1001 3935 vitae
1014 3875 1093 3934 bona
1107 3875 1243 3954 adjuncta
1256 3897 1311 3934 ve-

273 3975 342 4048 lint,
361 3976 470 4053 quibus
486 3975 535 4033 illa
548 3973 714 4034 beatissima
729 3973 840 4035 evadat.
858 3975 931 4035 Indc
947 3975 1107 4036 derivatam
1121 3997 1239 4056 quoque
1262 3977 1307 4034 ol-

274 4071 331 4132 licii
344 4073 504 4147 rationem,
519 4091 691 4150 morumque
707 4071 938 4148 institutionem,
955 4093 1010 4150 aa,
1027 4073 1074 4132 23.
