2764 4688
426 327 772 404 Exeunsusll.
1070 321 1129 390 181

73 446 228 510 contraria
244 445 444 524 judicarent,
463 470 523 512 nec
545 446 678 513 duobus
702 445 875 510 momentis
901 443 999 508 ullam
1025 467 1137 506 earum

72 571 193 640 partem
208 551 356 618 eamdem
371 575 553 618 remanere:
566 577 643 618 mox
654 555 713 618 visi
729 569 807 618 sunt
818 552 882 616 hoc
896 566 1002 616 totum
1015 550 1140 614 trahere

72 657 109 722 ad
130 681 239 722 rerum
263 658 419 748 imagines
436 660 469 724 in
487 677 596 726 mente
612 655 766 749 depictas.
786 659 868 741 Quae
885 671 1062 738 causaest,
1081 679 1140 720 cur

73 765 91 826 ii
110 765 169 851 qui
187 765 489 852 antiquissimorum
508 767 682 832 sententias
704 780 835 844 curant,
852 763 885 827 in
904 761 1048 844 ejusdem
1065 785 1139 844 sen·

73 870 168 933 tentia
182 868 344 934 narranda
358 868 533 959 plurimum
549 872 634 936 inter
650 894 684 936 se
700 869 902 957 discrepent,
915 881 954 931 ut
969 866 1004 930 in
1020 867 1140 954 Empe·

71 973 168 1040 doclis
179 998 188 1040 :
201 977 259 1062 qui
271 975 313 1041 ab
324 976 388 1041 alio
399 975 535 1060 dicitur,
551 977 663 1043 omnia
678 975 827 1040 sensibus
844 972 1012 1052 tribuisse,
1027 993 1141 1036 ornnes

71 1077 188 1140 mentis
213 1077 445 1166 cogitationes,
469 1101 666 1167 omnemque
689 1078 857 1146 veritatem
881 1074 973 1163 quasi
998 1074 1141 1163 alligasse

72 1203 179 1244 rerum
194 1198 403 1271 externarum
414 1183 589 1270 praesentiae
603 1181 689 1271 (vide
701 1185 835 1250 Aristot.
850 1179 890 1250 de
904 1180 1028 1262 anima,
1045 1180 1066 1242 l.
1080 1180 1142 1262 111,

74 1307 99 1345 c·
118 1281 158 1346 3:
178 1292 231 1346 net
246 1293 297 1364 οἶγι
317 1296 415 1363 ἀρχαῖοι
426 1295 455 1346 τὸ
476 1297 581 1366 φρονιῖν,
596 1293 638 1348 καὶ
658 1297 686 1347 ri
706 1294 865 1346 αἰσθάνεσθαι
873 1293 963 1350 salet*
979 1284 1039 1345 ιῖναί
1055 1309 1145 1359 φασιν,

75 1394 152 1464 §exsp
166 1393 211 1448 nai
225 1383 391 1464 ΙΙμπιιΙοκλῆς
408 1393 496 1464 etsen-
518 1395 581 1465 Πρὸς
602 1397 690 1466 neptia
704 1394 750 1466 γὰρ
773 1399 846 1466 μῆτις
868 1393 967 1456 ditarat
988 1391 1143 1459 ἀνθρῶποισι.

75 1480 151 1547 coll.
170 1480 318 1570 Metaph.
336 1481 358 1546 l.
376 1481 441 1562 Ill,
461 1504 488 1544 c.
507 1480 557 1570 5),
572 1482 612 1546 ab
633 1481 695 1544 alio
707 1482 875 1570 (1)rursns
892 1479 1010 1543 dicitur
1024 1478 1143 1542 intelli·

75 1583 167 1673 gendi
184 1608 320 1675 quoque
331 1585 495 1674 propriam
512 1586 714 1668 facultatem,
733 1604 766 1651 et
778 1587 922 1654 visorum
938 1583 1142 1666 dijudicatio·

77 1713 146 1754 nem
164 1692 324 1779 aliquam,
350 1706 383 1754 et
398 1689 552 1755 dilectum
569 1691 744 1760 admisisse.
766 1689 859 1760 Idem
883 1691 916 1752 in
940 1689 1142 1776 Protagorae,

77 1811 105 1858 et
117 1796 256 1860 aliorum
267 1795 435 1860 sententiis
446 1795 555 1862 videre
567 1812 626 1879 est,
636 1813 750 1862 contra
761 1818 844 1884 quos
853 1793 996 1886 disputat
1009 1795 1142 1857 Aristot.

77 1899 216 1991 bletaph.
231 1903 253 1966 l.
268 1903 334 1980 ΙΙΙ,
350 1925 378 1966 c.
401 1905 434 1980 4.
453 1903 509 1968 Ait
524 1905 612 1968 enim
628 1905 688 1970 hos
706 1901 897 1984 credidisse,
914 1899 1035 1988 aliquid
1048 1921 1143 1987 posse

78 2007 168 2072 simul
181 2024 215 2071 et
227 2031 310 2082 esse,
326 2023 359 2072 et
373 2031 437 2072 non
451 2031 523 2076 esse.
537 2007 657 2077 Iisdem
671 2009 798 2098 etipse,
811 2031 839 2072 c.
854 2005 890 2084 5,
905 2023 938 2071 et
951 2004 1142 2070 Plutarchus
1165 2009 1169 2019 “

78 2128 185 2175 contra
208 2112 377 2190 Colotem‚
394 2128 427 2178 et
451 2114 550 2178 ceteri
574 2115 640 2178 fere
658 2136 773 2196 omnes
798 2112 880 2176 nihil
897 2111 1064 2193 tribuunt,
1081 2111 1141 2174 nisi

77 2219 261 2306 opinionem
277 2216 318 2283 de
335 2239 461 2284 summa
478 2220 619 2308 partium
635 2207 816 2320 in-quaqqe
831 2242 866 2283 re
882 2215 1093 2284 multitudine
1110 2233 1143 2280 et

78 2325 523 2414 varietate‚quarum1quum
545 2327 612 2390 aliae
634 2327 774 2395 aliorum
796 2325 970 2391 hominum
993 2323 1170 2390 sensibus..

79 2431 173 2520 magis
184 2433 337 2520 expositas
348 2431 430 2512 sint,
440 2429 608 2516 efficiatur,
623 2448 660 2518 ut
670 2449 736 2498 tota
746 2453 797 2514 res
807 2431 874 2496 aliis
886 2431 945 2496 alia
955 2445 1115 2522 appareat.

117 2541 203 2620 «At,
228 2561 332 2626 quum
357 2539 499 2626 primum
523 2555 616 2604 aucta
639 2539 903 2630 philosophando
919 2555 967 2602 est
982 2535 1143 2601 subtilitas

79 2644 251 2730 cogitandi,
266 2659 299 2708 et
319 2667 446 2727 rerum,
467 2644 674 2734 hominisque
692 2663 808 2710 natura
828 2643 1014 2734 diligentius
1037 2656 1141 2728 coepta

80 2748 250 2836 explorari,
271 2765 455 2840 perspecta,
478 2766 511 2815 et
536 2751 703 2842 repudiata
721 2767 770 2816 est
787 2749 950 2837 opinionis
975 2746 1059 2810 illius
1082 2744 1141 2808 ab·

80 2849 398 2933 surditas,'seusibus
414 2852 598 2940 veritatem,
614 2856 713 2922 rebus
734 2857 812 2944 ipsis
835 2877 948 2920 omnes
971 2851 1141 2942 cogitatio·

82 2981 154 3022 num
173 2957 373 3024 diversitates
395 2982 432 3024 ac
451 2961 642 3026 variationes
665 2961 886 3042 attribuentis3
904 2959 1143 3044 discrimenque

82 3065 196 3129 lactum
210 3067 296 3130 inter
307 3089 372 3146 res,
389 3081 422 3129 et
435 3069 523 3148 aisa,
542 3083 581 3131 ut
598 3067 684 3131 inter
696 3064 887 3154 efficientia,
905 3081 939 3130 et
955 3063 1081 3152 effecta.

120 3176 248 3260 «Atque
261 3173 296 3234 iu
315 3171 400 3234 banc
416 3172 626 3254 sententiam,
644 3173 746 3258 utvel
762 3193 801 3235 ex
817 3171 984 3236 Theaeteto
999 3167 1142 3232 Platonis

84 3275 210 3364 (quiin
228 3276 314 3340 hanc
330 3299 399 3338 rem
416 3276 566 3343 classicus
581 3293 630 3341 est
650 3274 818 3364 dialogus)
841 3275 1051 3364 perspicuum
1075 3288 1143 3356 est,

84 3388 172 3452 tettae
196 3391 336 3452 maxime
362 3387 558 3481 argurneutis
581 3381 729 3474 perducti
755 3399 841 3448 sunt.
867 3383 1028 3464 Primum,
1053 3377 1145 3469 quod

84 3493 335 3558 animadversum
353 3511 419 3560 erat
437 3496 473 3559 in
494 3489 688 3582 quibusdam
710 3489 873 3572 sensibus,
896 3511 1014 3578 nempe
1038 3487 1071 3551 in
1091 3489 1145 3549 vi·

85 3597 178 3662 dendo
198 3615 232 3664 et
248 3600 423 3684 amado,
442 3621 510 3664 non
527 3619 578 3672 res
594 3597 678 3685 ipsas
693 3595 734 3658 ad
751 3617 868 3685 corpus
887 3610 1037 3658 nostrum
1053 3613 1145 3658 acce·

87 3701 169 3786 dere,
185 3705 244 3770 sed
260 3728 330 3770 esse
343 3705 465 3795 aliquid
480 3699 711 3782 intermedium,
724 3699 824 3788 idque
838 3700 1037 3780 insensibile,
1055 3694 1145 3787 quod

121 3911 158 3991 (ι)
178 3921 251 3976 Sext.
266 3923 345 3998 Emp.
356 3923 404 3976 lib.
415 3925 481 3988 Vll,
499 3934 594 3992 eontra
605 3918 688 3972 math.
704 3917 770 3972 ἄλλοι
779 3914 810 3970 ds
823 3911 902 3980 luas,
918 3918 939 3970 sl
951 3917 1063 3986 λίγοντις
1078 3911 1146 3965 κατὰ

89 3989 446 4076 τὸνΙμπεδοκλία,κριτήριον
464 3997 525 4080 aises
550 4008 594 4062 τῆς
619 3999 748 4066 ἀληθείας,
774 3999 800 4050 οὐ
819 3995 1015 4080 vicariatione,
1031 3990 1149 4056 dubria

90 4082 239 4154 spatum.
