2748 4670
281 379 528 450 ACADEMIC.
553 381 594 466 1,
613 383 749 450 LIBER
772 383 822 465 ΙΙ,
849 405 906 450 ar.
1053 379 1119 453 331

48 498 250 598 opinari⁵:
269 501 369 596 quod
387 516 429 572 tu
447 527 522 574 non
543 504 612 589 vis,
631 519 667 575 et
683 518 799 589 recte,
818 517 860 573 ut
880 503 966 574 mihi
985 504 1126 576 videris.

47 609 127 680 Sed
161 607 264 684 illud,
279 611 458 707 primum,
481 617 701 713 sapientem,
726 615 757 686 si
782 639 991 697 assensurus
1015 629 1127 702 esset,

48 720 174 792 etiam
196 723 454 817 opinaturum,
481 724 609 795 falsum
636 749 712 796 esse
739 738 775 795 et
801 723 901 794 stoici
924 723 1072 811 dicunt,
1093 739 1129 796 et

49 853 191 902 corum
209 829 446 929 adstipulator
464 833 679 906 Antiochus:
703 859 807 932 posse
828 836 925 906 enim
943 858 1027 906 eum
1043 833 1128 906 falsa
1148 843 1183 894 ⁶8

52 964 75 1010 a
88 945 211 1026 veris,
230 954 266 1010 et
280 965 360 1038 quae
376 967 451 1014 non
468 949 605 1041 possint
622 946 779 1044 percipi,
797 943 843 1016 ab
857 944 931 1033 his,
948 969 1028 1041 quae
1044 968 1129 1042 pos·

7 1061 10 1072 '
52 1053 134 1120 sint
142 1049 172 1138 ⁶,
186 1049 419 1149 distinguere.
436 1051 549 1126 Nobis
567 1070 686 1127 antem
701 1058 877 1154 primum,
890 1055 1027 1126 etiamsi
1041 1051 1130 1149 quid

53 1161 201 1258 percipi
221 1165 354 1260 possit,
368 1177 489 1236 tamen
505 1165 582 1263 ipsa
597 1164 824 1238 consuetudo
841 1162 1056 1236 assentiendi
1070 1185 1131 1259 pe-

55 1268 220 1340 riculosa
246 1295 324 1343 esse
349 1273 492 1346 videtur
516 1291 553 1346 et
573 1274 720 1348 lubrica.
749 1271 996 1368 Quamobrem
1016 1295 1131 1370 quum

59 1390 139 1448 tam
165 1380 337 1454 vitiosum
364 1407 441 1456 esse
470 1399 634 1474 constet,
661 1387 824 1458 assentiri
846 1384 1044 1485 quidquam
1069 1398 1131 1455 aut

60 1483 213 1578 salsum,
229 1506 296 1563 aut
313 1493 559 1590 incognitum:
581 1495 789 1569 sustinenda
806 1511 859 1568 est
876 1500 998 1594 potius
1014 1495 1131 1566 omnis

61 1602 248 1687 assensio,
275 1626 321 1674 ne
345 1606 566 1702 praecipitet,
595 1609 625 1677 si
660 1622 793 1679 temere
823 1605 1046 1703 processerit.
1078 1605 1132 1672 lta

62 1709 162 1778 enim
188 1707 344 1800 finitima
370 1728 456 1785 sunt
482 1712 568 1786 falsa
589 1720 703 1803 veris,
728 1740 865 1812 eaque,
889 1739 970 1810 quae
995 1713 1132 1810 percipi

64 1839 138 1886 non
164 1836 341 1914 possunt,
362 1822 437 1910 his,
460 1849 541 1919 quae
568 1838 743 1922 possunt⁷
768 1827 823 1920 (si
847 1824 958 1894 modo
984 1847 1025 1894 ea
1047 1837 1132 1893 sunt

67 1921 256 2022 quaedam:
277 1928 347 2022 jam
373 1934 470 2001 enim
490 1932 732 2029 videbimus),
759 1948 891 2004 uttam
914 1936 1132 2032 praecipitem

67 2155 198 2204 snmqnsus
220 2143 317 2206 opinssi
335 2145 480 2208 sepientem,
495 2161 583 2196 couce-
626 2145 760 2211 qnebstur,
784 2149 878 2211 optnsn'
903 2148 1037 2212 sapientem
1053 2171 1075 2198 n.
1102 2151 1133 2198 G.
1172 2204 1176 2216 ,

69 2217 153 2279 debet,
165 2220 211 2269 sed
221 2223 330 2270 assentiri
338 2223 480 2286 eliquaudo,
490 2236 581 2274 ststne-
660 2229 685 2277 6.
696 2229 731 2276 Es
742 2243 798 2290 quoe
810 2243 860 2276 noa
869 2228 970 2291 possint
982 2228 1090 2292 percipi,
1101 2229 1134 2276 ab

69 2301 109 2350 bat
117 2325 138 2352 ι.
147 2301 273 2352 Perticuh
282 2303 340 2362 sed,
348 2317 403 2367 quse
411 2305 510 2368 proprie
520 2307 582 2369 poni
624 2304 676 2368 itis,
692 2322 748 2370 quse
756 2306 859 2370 possint.
878 2308 960 2356 Primo
969 2319 994 2356 et
1007 2308 1133 2372 expliceti-

69 2379 179 2439 debebat,
186 2383 462 2444 compensauestverbo
468 2384 582 2432 assentiri
623 2399 678 2432 vem
689 2395 758 2449 puto,
774 2397 802 2436 ut
814 2386 898 2451 paullo
907 2387 1017 2446 Metius,
1031 2404 1093 2452 que,
1104 2387 1133 2436 si·

70 2462 213 2525 preposito.
222 2461 264 2508 Sic
275 2460 336 2510 bene
348 2477 482 2526 numquam
495 2474 520 2512 et
533 2463 580 2510 aii·
622 2463 725 2512 mittimo
740 2464 767 2512 in
785 2465 863 2514 loeo:
879 2481 935 2516 nem
948 2481 975 2514 es
995 2466 1133 2514 Antiochus

70 2540 169 2602 quaudo
187 2540 235 2590 sibi
259 2551 426 2604 opponuntur.
450 2543 487 2590 Ex
504 2541 580 2590 datae
622 2557 677 2590 cnm
695 2542 785 2590 Stoicis
794 2541 868 2607 salsa
884 2543 996 2602 dicebet,
1012 2559 1068 2606 quae
1081 2559 1133 2592 non

69 2619 148 2678 mim,
159 2619 233 2668 etism
244 2619 270 2666 in
281 2620 378 2684 vulgata
385 2655 394 2682 ,
402 2629 505 2685 propter
519 2622 578 2670 zen-
622 2632 722 2686 possent
743 2623 849 2686 percipi,
870 2633 917 2670 eto.
938 2621 995 2668 vids
1018 2637 1133 2684 expressa

70 2711 135 2758 gne,
149 2699 308 2762 cogitandum
321 2701 450 2750 statuebat.
467 2701 578 2750 Ceterum
622 2700 696 2748 verbs
710 2701 811 2765 suptus
826 2711 865 2758 to.
880 2699 974 2748 Deinde
987 2715 1072 2747 omnes
1085 2700 1133 2747 mei

70 2776 88 2821 si
101 2778 184 2826 Datis.
196 2777 266 2836 dieii,
280 2778 363 2828 abesse
374 2779 504 2829 secundiora
514 2798 527 2830 ι
537 2783 580 2830 Ps·
618 2780 716 2844 possisrt
729 2781 791 2842 (non
799 2781 919 2845 possunt),
926 2789 955 2826 nt
965 2789 1029 2828 recte
1040 2778 1133 2842 primns

71 2855 109 2904 ris.
131 2866 163 2917 4,
184 2858 237 2918 ejus
256 2857 365 2908 deiectus
377 2875 474 2908 eausem
486 2861 580 2910 indicet
622 2861 706 2908 Devis.
715 2875 747 2910 ex
760 2859 809 2908 suis
822 2857 906 2920 dedit,
916 2873 973 2906 cnm
985 2860 1043 2906 Asc.
1051 2859 1133 2906 Victo

72 2934 156 2986 Dresd.
169 2945 260 2996 noemi,
270 2937 313 3000 qui
320 2935 394 2999 hujus
403 2939 459 2986 loeo
474 2940 536 3005 sed(
548 2957 580 2990 ex
623 2955 715 3002 noque
722 2939 825 3002 Decepit
832 2938 923 2986 scribes
930 2937 1066 2990 communis
1076 2945 1133 2984 nota

73 3013 219 3078 compendio
233 3027 293 3080 puts
307 3015 402 3080 ddpiiei
421 3017 484 3066 lines
498 3019 580 3082 negle-
621 3005 681 3082 pne,
699 3033 770 3080 quam
784 3017 833 3068 art
851 3014 956 3066 exhibet.
970 3014 1082 3077 Denique
1092 3013 1132 3064 iti·

44 3094 47 3107 ¹
72 3094 134 3154 enit
145 3095 300 3158 quodquam
313 3095 476 3161 incongnsnsn
490 3099 578 3161 reperi·
624 3097 679 3146 dem
692 3108 785 3146 recten
803 3095 921 3146 Lsrubino
938 3093 1025 3152 verbs,
1038 3091 1134 3143 «abiis

73 3183 143 3234 retur,
156 3183 246 3238 sponte
257 3174 372 3224 omissum
381 3187 427 3228 est.
436 3179 468 3226 G.
624 3193 678 3240 quas
695 3175 791 3239 possint
801 3171 993 3232 ·,santaddits,
1004 3187 1080 3234 quum
1095 3172 1133 3220 his

103 3253 131 3302 5.
141 3255 184 3302 Ita
193 3253 419 3318 sequebaturetiam
431 3255 580 3318 optantius
624 3255 651 3304 in
669 3255 791 3306 contextis
801 3252 984 3318 opposiu'oneru
1001 3251 1132 3314 cogitando

72 3343 157 3395 preter
179 3331 230 3382 duo
247 3333 340 3382 Davisii
358 3350 389 3384 ex
407 3337 497 3384 nostris
518 3335 579 3400 frag.
625 3333 683 3383 eddi
701 3349 751 3382 non
771 3333 863 3382 liceat:
885 3330 954 3395 qaod
977 3330 1043 3378 idem
1062 3332 1133 3380 ettam

72 3412 131 3462 Cod.
145 3423 172 3462 et
182 3411 270 3460 nmo.
280 3411 382 3478 reliqui,
392 3429 448 3462 cum
459 3413 580 3478 plerisque
623 3413 707 3478 psuiio
724 3423 782 3477 post
801 3414 890 3460 tactum
906 3422 950 3462 est.
970 3413 1031 3460 fleo
1050 3409 1132 3460 eedem

73 3491 201 3550 omnibns,
222 3489 250 3537 id
271 3493 460 3554 assequebatur,⁸
487 3493 579 3553 modo,
623 3489 1132 3556 Ven.1494,sieprebst,«abhis‚que

73 3571 137 3633 quod
145 3570 198 3620 Etl.
210 3571 448 3634 sequebaturhebet.
461 3574 536 3622 Recte
544 3573 581 3622 vi-
623 3572 719 3636 possint
730 3593 752 3622 ι.
762 3571 795 3618 G.

74 3649 107 3698 dit
117 3651 143 3700 1³.
153 3650 411 3714 Manutcnivnlgets
420 3651 532 3700 debetur.
546 3651 580 3700 si·
661 3668 684 3711 7.
701 3650 757 3708 His,
774 3665 829 3712 ques
844 3660 957 3713 parant.
978 3651 1038 3696 Hec
1059 3648 1130 3696 verbs

73 3729 119 3778 nili
133 3727 281 3780 nodotum
297 3740 322 3781 et
340 3729 404 3778 iden
413 3731 505 3795 ubique
520 3745 580 3778 eon·
623 3732 649 3778 is
661 3729 736 3780 codd.
747 3728 860 3778 omnihus
871 3744 915 3794 per
930 3719 1131 3786 eliitentiou'em,

72 3808 214 3860 tunduntur.
226 3809 316 3860 Sensus
324 3809 399 3856 totius
407 3810 530 3858 sententia
539 3809 580 3858 hio
623 3827 695 3874 quern
708 3811 781 3874 vulgo
795 3808 888 3866 dicant,
899 3807 1016 3872 neglecte,
1024 3806 1056 3855 sd
1064 3805 1130 3854 illem

73 3899 121 3938 est:
131 3888 289 3938 «Cemades
298 3887 355 3938 ideo
365 3889 497 3941 secundnm
510 3889 581 3940 estio
623 3877 723 3940 Veneta
739 3891 764 3938 in
778 3890 860 3954 priore
872 3887 930 3938 ioco
941 3901 1051 3936 normam
1062 3883 1131 3930 dedi·
1234 3928 1239 3936 .

72 3969 108 4016 nis
120 3967 195 4030 huju
207 3969 360 4016 enuntiatum
373 3985 504 4032 numquam
519 3983 580 4018 ron·
624 3985 686 4018 mus.
697 3971 810 4020 Ceterum
820 3966 920 4019 adhesit
932 3968 958 4014 in
977 3963 1132 4018 ureniana,

73 4048 189 4106 cedebat,
208 4047 276 4111 quod
290 4046 385 4112 sapiens
395 4047 528 4112 aliquando
541 4063 579 4096 ss·
625 4040 1133 4113 mittis,as,queh.1.enuput0ribu⁵

74 4129 188 4178 testim
206 4140 213 4172 :
231 4135 305 4190 etque
319 4126 352 4176 its
365 4127 412 4176 hoc
430 4143 529 4192 quoque
545 4143 580 4176 se·
625 4128 686 4175 susle
699 4130 800 4194 repetite
821 4137 864 4176 est.
885 4124 912 4172 ld
935 4124 1019 4171 vitium
1038 4131 1134 4168 servem
