2786 4674
418 397 419 404 ,
518 341 720 413 TtMAEth:
1078 342 1148 418 (iad

59 483 114 530 est
130 465 178 524 dc
192 475 331 542 aquarum
343 459 484 536 fluxibus,
498 462 535 521 de
549 463 701 525 fulminum
716 463 843 540 impetu,
857 461 895 522 de
908 465 1006 524 electri
1023 467 1149 528 mirabili

61 562 124 620 illo
156 570 302 628 attractu,
323 555 464 634 lapidisve
487 555 580 627 illius,
600 557 652 632 qui
671 555 821 615 Heraclius
843 557 1030 616 tromiaatur:
1049 580 1152 622 revera

62 653 193 712 nullius
213 651 320 710 borum
336 649 470 709 attractio
486 649 536 706 lit:
557 647 608 708 sed
628 667 720 725 quum
732 665 875 725 nusquam
896 649 933 708 sit
951 667 1097 725 vacuum,
1121 666 1151 712 et

62 745 142 804 baec
167 763 199 802 se
211 743 332 802 invicem
348 740 464 819 pulsent
479 753 565 818 atque
579 740 745 818 repulsam,
767 753 961 819 concretaque
976 755 1007 802 ot
1025 743 1151 806 discreta

64 857 172 895 suum
186 836 281 894 locum
295 832 408 911 singula
418 845 552 910 poscant,
572 830 705 910 diligenti
719 832 823 895 harum
836 851 935 893 rerum
953 835 1152 914 investigatori

66 949 113 986 ex
130 927 184 986 bis
198 925 304 984 mutuis
324 923 507 1003 passionibus
523 936 643 982 eventus
659 923 702 986 illi
723 924 871 985 mirabiles
887 925 1054 1003 contingere
1072 927 1152 989 vide·

66 1020 211 1078 buntur.
283 1065 286 1072 .
373 1051 375 1064 ι

117 1118 225 1188 Atque
241 1109 410 1188 respiratio,
432 1107 509 1168 unde
526 1105 584 1166 buc
603 1107 724 1185 digressi
742 1127 860 1182 sumus,
876 1107 914 1171 ab
938 1109 984 1170 bis
1007 1111 1101 1172 caucis
1123 1125 1153 1171 et

70 1205 167 1264 butro
193 1204 222 1262 in
242 1202 378 1276 modum,
403 1214 437 1260 ut
461 1199 713 1280 supradiximus,
735 1204 895 1279 provenit:
925 1202 994 1264 dum
1017 1203 1153 1266 videlieet

69 1296 161 1375 ignis
175 1295 257 1356 cibos
272 1293 393 1368 dividit,
414 1295 602 1372 elevatusque
625 1293 798 1354 intrinsecus
819 1309 988 1373 assequutus
1004 1297 1152 1375 spiritum,

73 1407 176 1448 venos
201 1406 218 1446 a
245 1399 347 1446 vanme
370 1387 518 1446 communi
547 1386 708 1454 elevatione
731 1385 895 1463 hujusmodi
916 1389 1026 1465 replet,
1052 1409 1089 1448 ex
1116 1409 1153 1448 eo

72 1477 170 1556 quod
190 1478 288 1540 attrita
306 1477 374 1538 inde
390 1479 505 1542 haurit:
522 1491 551 1536 et
564 1477 604 1540 ob
624 1477 855 1540 honorationem
867 1499 921 1557 per
933 1493 1027 1540 totum
1041 1483 1153 1540 anima-

74 1573 160 1629 lium
174 1570 303 1629 omnium
318 1590 423 1648 corpus
438 1570 639 1630 alimentorum
651 1570 777 1648 liquores
792 1572 911 1650 penitus,
924 1571 1129 1635 diffunduntur
1143 1595 1150 1630 :

75 1653 186 1724 statim
200 1683 269 1722 vero
279 1664 377 1725 attrita
388 1675 444 1722 eto
458 1663 587 1741 cognatis
599 1664 658 1724 suis
672 1661 788 1734 ablata,
802 1664 908 1742 partim
920 1665 1075 1738 fructibus,
1088 1686 1153 1745 par·

78 1757 139 1816 tim
152 1756 346 1835 graminibus,
360 1777 424 1834 qua
437 1755 566 1838 Demad
580 1754 745 1816 alimoniam
756 1757 889 1835 corporis
902 1757 991 1816 nostri
1003 1757 1153 1836 produxit,

78 1852 204 1908 colores
223 1835 529 1926 proptermixtionem
543 1845 661 1906 omnino
677 1849 774 1908 varim
794 1847 922 1910 habent:
943 1848 995 1908 sed
1011 1850 1152 1928 plurimus

79 1943 115 2000 in
134 1942 181 2000 his
196 1941 302 2000 rubeus
312 1941 448 2019 praeaalet
458 1940 548 2011 color,
561 1938 643 2016 cujus
654 1951 759 2002 natura
769 1959 808 2000 ex
821 1940 894 2016 ignis
903 1941 1040 2018 portione
1051 1954 1080 2002 et
1091 1939 1153 2002 aba·

81 2036 218 2094 tersione
230 2033 262 2092 in
274 2033 394 2094 humido
411 2033 487 2092 iacta
497 2032 632 2110 provenit
644 2054 651 2088 :
664 2045 821 2110 propterca
836 2031 912 2114 ejus,
924 2031 1004 2110 quod
1016 2034 1047 2094 in
1060 2046 1153 2094 totum

82 2143 199 2204 corpus
210 2139 369 2204 permanat,
382 2125 464 2184 color
474 2124 539 2184 talis
549 2137 665 2202 aspectu
680 2137 736 2192 est,
750 2125 865 2202 qualem
877 2124 1018 2184 dixinrus:
1040 2126 1071 2184 id
1083 2147 1154 2186 san-

82 2219 207 2296 guinem
221 2216 441 2290 nominavimus,
452 2216 581 2292 earnium
591 2229 621 2276 et
631 2217 756 2277 universi
769 2217 900 2295 corporis
910 2217 1066 2296 pabulum:
1078 2207 1154 2279 lande

82 2310 224 2387 irrigatio
236 2308 390 2368 distributa
402 2309 509 2386 passim
523 2309 662 2368 exmusrn
677 2323 782 2368 cttncta
801 2311 913 2388 replet:
932 2311 1036 2370 modus
1057 2327 1154 2372 autem

85 2401 269 2480 impletionis
282 2401 512 2462 evacuationisre
528 2401 592 2464 talis
609 2415 669 2473 est,
684 2401 779 2479 qualis
799 2401 830 2461 in
847 2403 983 2464 uniuerso
1001 2405 1155 2483 cujuslibet

85 2495 180 2566 latio,
195 2513 248 2572 per
262 2513 348 2571 quam
362 2505 516 2571 cognatum
527 2493 727 2571 quodlibetnad
739 2513 770 2553 se
782 2493 878 2573 ipsum
892 2515 923 2554 se
934 2495 1069 2554 confert:
1088 2514 1154 2575 qum

85 2586 170 2644 onim
184 2583 267 2644 nobis
278 2583 455 2644 extrinsecus
466 2585 639 2646 circumfusa
652 2599 735 2656 sunt,
757 2588 907 2648 resolvunt
921 2607 974 2646 nos
993 2586 1107 2647 assidue
1125 2601 1155 2647 et

86 2676 219 2754 singulas
230 2677 321 2738 nostri
334 2677 483 2754 portiones
496 2675 533 2738 ad
548 2677 656 2754 species
670 2697 735 2736 suas
747 2675 824 2738 foras
835 2678 970 2736 emittunt
981 2699 987 2733 :
999 2678 1155 2754 sanguinea

88 2771 178 2840 vero,
192 2769 222 2826 in
232 2765 316 2826 nobis
325 2767 423 2826 attrita
431 2767 598 2845 inclusaque
608 2767 786 2838 visceribus,
806 2777 839 2824 ut
853 2787 907 2845 par
919 2783 962 2826 est
977 2769 1007 2826 in
1022 2768 1155 2845 quolibet

88 2858 210 2917 animali
220 2858 282 2917 lieri
293 2857 347 2916 sub
360 2858 431 2920 caelo
444 2857 611 2929 constituto,
625 2858 712 2916 totius
723 2858 859 2916 lationem
874 2859 982 2918 imitati
991 2873 1154 2938 cognatum

89 2969 184 3028 quum
194 2951 280 3030 igitur
291 2951 389 3008 attrita
402 2948 539 3028 quaelibet
552 2949 581 3011 in
598 2948 684 3009 nobis
700 2961 856 3026 cognatum
872 2963 1004 3028 poscant,
1015 2951 1154 3012 exhausta

89 3042 232 3122 quaelibet
246 3044 384 3122 implent:
406 3032 496 3120 porro
516 3041 633 3121 quando
657 3039 787 3102 abscedit
803 3043 869 3119 plus
886 3061 973 3120 quam
985 3044 1156 3119 acoesoerit,

91 3136 236 3196 decrescit
248 3137 371 3197 animal:
386 3135 506 3214 quando
517 3150 619 3202 conten
637 3135 687 3206 lit,
710 3148 850 3212 augetur:
867 3154 969 3194 recens
987 3135 1075 3212 igitur
1088 3138 1155 3194 ani-

91 3228 177 3286 malis
189 3228 343 3306 cujuslibet
356 3229 526 3306 compositio
541 3247 632 3306 quum
653 3247 745 3288 nouos
756 3227 836 3286 velut
857 3247 892 3288 aa
916 3228 1011 3306 ligneo
1027 3229 1154 3310 quodam

90 3332 233 3379 contextu
248 3322 405 3398 triangulos
420 3319 543 3390 habeat,
564 3319 688 3380 validam
702 3319 820 3397 quidem
836 3337 935 3378 eorum
956 3324 1155 3400 compaginem

93 3411 244 3492 possidet:
264 3414 355 3472 moles
370 3427 467 3472 autam
483 3412 546 3489 ejus
564 3413 691 3474 tenerior
706 3426 766 3474 tota
780 3413 902 3484 coaluit,
920 3412 1029 3490 quippe
1042 3433 1108 3492 quae
1120 3435 1157 3476 ex

94 3505 251 3564 recentiori
266 3505 393 3564 medulla
406 3506 554 3566 concrevit
567 3525 661 3585 nuper
674 3519 703 3565 et
718 3506 792 3566 lacte
807 3505 916 3566 nutrita
929 3518 989 3564 est:
1009 3520 1158 3589 susceptos

93 3616 167 3674 ergo
185 3598 342 3676 triangulos
356 3598 420 3658 illos
432 3598 611 3658 extrinsecus
621 3598 794 3668 incidentes,
815 3596 922 3676 quibus
935 3597 994 3658 cibi
1013 3613 1158 3680 putusque

93 3689 278 3764 conflantur,
300 3691 448 3770 triangulis
460 3689 587 3769 propriis
602 3691 779 3768 antiquiores
790 3689 1051 3770 imbecillioresque
1058 3693 1159 3771 junio·

94 3801 161 3840 rum
172 3782 200 3840 vi
213 3783 359 3860 pervincit
370 3795 399 3842 et
409 3782 549 3854 conterit,
563 3795 592 3842 et
607 3781 716 3859 grande
728 3783 833 3842 animal
847 3784 944 3862 ipsum
958 3785 1072 3858 reddit,
1088 3786 1158 3846 dum

95 3895 134 3934 cx
157 3876 254 3934 nrultis
277 3876 417 3936 similibus
436 3875 507 3935 alit:
523 3889 553 3934 at
569 3895 659 3952 quum
674 3875 884 3953 triangulorum
897 3874 1023 3936 radicem
1044 3897 1160 3956 compa·

96 3987 220 4044 gcmque
236 3969 364 4039 relaxat,
377 3987 413 4026 cx
432 3966 560 4044 eoquod
573 3965 682 4046 magnis
697 3964 847 4026 laboribus
864 3969 951 4046 longo
971 3979 1099 4044 tempore
1113 3969 1164 4028 ad·

97 4079 199 4118 versata
218 4061 309 4121 mrtlta
324 4059 462 4118 certando
476 4060 593 4139 fatigata
606 4071 635 4120 et
657 4058 766 4118 domita
785 4059 840 4130 sit,
854 4073 924 4118 tunc
937 4079 1005 4118 sane
1024 4059 1160 4120 alimenta
1235 4049 1240 4064 ’
