2716 4686
256 384 295 451 P.
324 381 567 456 VALENTIAE
588 382 870 456 AGADEMICA.
1048 381 1095 480 93

40 505 151 572 decreta
171 527 189 568 e
203 504 339 570 Socrate
357 505 559 596 Platoneque
573 506 684 594 petita.
701 505 777 570 Non
795 521 845 569 cst
857 528 935 595 ergo
950 504 1042 594 quod
1055 505 1098 571 de

39 612 97 692 ejus
111 609 300 700 explicanda
320 611 483 676 sententia
502 611 588 676 anxii
613 610 714 674 simus
737 633 746 675 a
773 609 864 698 quod
886 609 973 674 enim
1000 610 1099 691 hujus

40 715 311 780 commentationis
334 715 469 794 fuisset,
493 715 611 795 idest,
635 713 779 802 quidde
802 715 939 780 Criterio
965 717 1101 782 senserit

40 821 205 887 Antiochus
222 822 255 887 in
275 819 419 886 mediu'm
437 822 573 905 afferre,
599 819 679 886 dum
699 821 806 886 Stoica
824 819 871 909 (1)
892 823 1100 911 proponeba-

40 953 119 1012 mns,
132 952 200 993 una
216 945 266 994 est
282 946 467 1018 peractum,
480 945 518 993 ut
533 929 653 994 iterum
666 927 832 1018 agendum
846 951 913 993 non
926 929 978 994 sit.
992 931 1099 1019 Ipsius

39 1057 104 1098 vero
118 1034 235 1123 placita
251 1035 401 1099 universa
426 1035 461 1098 in
486 1057 617 1098 morum
632 1051 730 1124 atque
754 1035 788 1099 in
808 1051 931 1099 naturae
953 1034 1100 1124 pbiloso-

40 1140 118 1228 phis,
136 1163 210 1228 quse
227 1141 345 1229 partim
364 1140 547 1223 Platonica,
568 1140 683 1221 majori
701 1157 809 1207 autem
829 1157 977 1231 exparte
992 1142 1101 1208 Stoica

39 1264 122 1327 sunt,
138 1247 205 1312 buc
222 1246 411 1335 eprmnda
435 1270 609 1338 congerere
627 1270 905 1336 supervacaneum
919 1247 1098 1314 duximus:

39 1351 353 1442 praeterquamquod
376 1353 543 1418 immensae
564 1353 659 1417 molis
689 1369 738 1418 est
755 1354 945 1418 Stoicorum
969 1355 1100 1423 moralis

41 1456 212 1548 disciplina,
239 1475 272 1524 et
287 1459 425 1525 fortasse
436 1461 525 1542 justo
541 1459 716 1549 aliquando
729 1460 926 1526 voluminea
942 1461 1055 1546 nobis,
1073 1462 1101 1527 si

41 1563 114 1628 Deus
128 1580 271 1644 annuat,
289 1564 466 1632 tractanda.

78 1695 124 1760 7²·
147 1671 236 1738 lllud
255 1689 365 1738 autem
388 1673 480 1762 quod
502 1673 543 1739 de
561 1674 725 1739 Antiocho
753 1674 865 1738 Cicero
888 1670 934 1761 (a)
953 1674 1100 1764 scripsit,

39 1776 102 1840 Non
115 1775 298 1843 discessisse
309 1800 387 1844 eum
401 1802 420 1843 a
435 1779 592 1861 Philone,
609 1801 670 1844 nec
690 1777 731 1842 ad
744 1778 891 1843 Stoicum
907 1780 1100 1868 magistrum

14 1885 15 1888 ’
41 1881 181 1970 aliquem,
198 1885 310 1972 quales
327 1900 419 1950 erant
436 1900 516 1950 tunc
533 1884 670 1950 Athenis
692 1883 905 1948 Mnesarchus
924 1901 956 1948 et
977 1885 1101 1950 Darda·

42 2009 93 2052 nus
107 1990 268 2079 principes
285 1991 487 2072 Stoicorum,
504 2013 539 2056 se
556 1991 753 2070 contulisset
770 1987 878 2078 quod,
893 1989 921 2054 si
937 1990 1044 2055 Stoica
1054 1991 1101 2056 illi

41 2091 212 2180 placebant,
232 2095 338 2160 lacere
360 2094 526 2160 debuisset
548 2119 556 2160 :
580 2118 657 2161 cum
682 2095 750 2160 istis
774 2095 933 2160 Numenii
958 2095 1005 2184 (3)
1031 2120 1100 2163 non

42 2199 228 2268 concordat:
250 2201 421 2266 «Philonis
437 2225 515 2268 vero
531 2202 737 2268 auditorfuit
754 2200 950 2287 Antiochus,
974 2205 1031 2292 qui
1048 2203 1103 2268 alii

43 2307 204 2372 Academiae
219 2309 352 2375 initium
369 2308 469 2376 dedit.
484 2301 678 2375 Mnesarcho
693 2310 794 2400 igitur
804 2310 913 2375 Stoico
928 2333 1027 2399 opera
1041 2333 1102 2374 na·

43 2429 118 2494 rata,
133 2414 265 2480 Philoni
277 2415 432 2504 magistro
447 2415 608 2479 contraria
618 2414 735 2497 sensit,
750 2416 988 2503 innumeraque
999 2415 1104 2481 aliena

43 2517 207 2584 Academiae
219 2519 376 2584 affinxit».
391 2518 456 2585 Sed
470 2537 503 2584 ct
514 2519 588 2586 vide
604 2521 701 2585 etiam
717 2520 759 2584 de
774 2519 939 2585 Antiocho
951 2518 1101 2608 quaedam

43 2623 116 2710 apud
131 2627 168 2690 Ι).
188 2626 412 2714 Augustinum
425 2625 484 2714 (4).

78 2732 127 2820 73.
143 2735 218 2823 lpse
237 2734 350 2798 Cicero
369 2751 402 2798 et
417 2733 562 2798 Philonis
579 2749 611 2799 et
628 2732 783 2798 Antiochi
802 2731 928 2798 scholas
946 2732 1102 2820 frequen·

44 2838 122 2920 tavit,
139 2839 407 2928 Antiochumque
423 2863 562 2922 amasse,
582 2857 615 2904 et
630 2839 670 2902 ab
690 2840 745 2903 illo
762 2837 935 2904 Dialectica
952 2835 1103 2902 didicisse

44 2945 141 3008 scribit
154 2945 213 3034 (5).
231 2945 356 3010 Verum
371 2947 407 3010 in
425 2947 680 3035 Philosophicis,
699 2946 846 3010 Philonis
864 2945 973 3034 potius
989 2945 1103 3034 placita

44 3049 195 3136 amplexus
210 3067 278 3131 est,
294 3067 332 3113 nt
348 3051 450 3140 ipsius
466 3051 584 3140 scripta
596 3067 707 3139 aperte
723 3049 963 3130 demonstrant,
983 3065 1015 3112 et
1028 3048 1104 3116 Plu·

45 3153 161 3220 tarchus
176 3155 223 3236 (bl
242 3155 387 3222 tradidit.
410 3159 543 3222 Fatetur
563 3157 692 3222 interim
713 3157 747 3220 in
768 3155 874 3242 aliqua
899 3153 940 3218 ad
959 3155 1103 3219 Atticum

47 3259 164 3344 epistola
182 3261 230 3350 (7)
248 3263 384 3344 Cicero,
402 3263 576 3327 Antiochia
593 3263 647 3326 illa
664 3261 792 3326 decreta
809 3260 1019 3324 vehementer
1034 3282 1104 3325 esse

47 3376 139 3443 nteit,
163 3368 288 3451 idest,
305 3368 496 3458 probabilia.
523 3368 625 3433 Varro
645 3383 780 3447 autem,
802 3365 856 3430 ille
879 3367 1103 3431 Romanorum

73 3595 108 3660 (ι)
124 3595 185 3644 Vide
197 3597 229 3644 D.
241 3596 348 3660 August.
362 3607 447 3646 contra
459 3595 539 3647 Acad.
551 3595 596 3646 lib.
606 3598 645 3655 11,
659 3610 713 3659 cap.
723 3595 754 3657 6,
765 3591 780 3658 5
792 3592 822 3642 15
830 3626 838 3651 ,
854 3602 915 3640 tom.
928 3594 949 3642 1.

75 3679 98 3742 (a
125 3685 154 3730 ln
168 3685 288 3744 Lucullo,
306 3701 362 3748 cap.
377 3701 421 3734 aa.

76 3768 109 3833 (3)
125 3772 197 3836 Apud
211 3771 302 3822 Enseb.
311 3773 352 3820 Pr.
364 3774 409 3822 liv.
422 3772 466 3822 lib.
476 3774 547 3832 xlv,
563 3787 620 3837 cap.
630 3788 662 3836 9,
678 3785 735 3836 pag.
744 3770 807 3834 739,
821 3786 835 3817 c
849 3778 874 3817 et
885 3767 910 3816 d.

76 3855 112 3921 (l)
130 3859 218 3908 Contra
228 3860 345 3910 Auden.
356 3859 399 3910 lib.
408 3863 461 3922 111,
472 3877 527 3926 cap.
542 3862 588 3921 18,
601 3859 617 3926 s
628 3868 673 3920 tr,
686 3869 747 3908 tom.
757 3860 776 3905 1.

80 3944 115 4010 (5)
132 3950 159 3996 ln
171 3950 285 3999 Lucullo.

79 4033 113 4096 (6)
132 4039 157 4084 ln
170 4039 297 4090 cicerone.

81 4118 116 4186 (7)
133 4125 273 4190 tibull,
287 4125 369 4198 epist,
378 4141 418 4189 ¹9·
