2764 4688
401 373 800 446 ARGUMENTUM.
1069 399 1136 471 up

111 496 227 576 propria
240 507 359 567 natura,
371 513 388 553 1
400 496 517 574 reliquis
531 495 667 556 omnibus
677 493 804 554 diflerat.
818 494 986 572 Disceptare
997 515 1028 555 se
1041 496 1137 556 nolle:

109 591 159 652 sed
178 593 204 651 si
219 591 266 650 vel
280 591 412 652 homines
425 594 511 671 plene
523 593 629 654 similes
649 613 711 652 esse
726 606 887 672 nequeant3
913 612 997 671 posse
1015 605 1143 662 statuas,

110 711 192 769 posse
208 690 303 770 sigilla
314 691 422 750 annulo
437 691 593 771 impressa,
606 697 621 764 S
633 691 688 764 83,
705 691 762 763 81,
777 690 827 749 85.
841 696 881 751 At
892 703 982 750 artem
997 689 1140 750 adhiben-

111 788 175 847 dam
192 787 326 848 sensibus
341 793 349 848 l
365 789 474 867 maguis
494 807 599 868 nempe
619 788 748 847 artificiis
771 788 807 848 ad
829 787 1003 860 videndum,
1023 787 1141 847 audien·

111 885 202 960 dum,
225 899 281 950 etc.
303 905 378 967 opus
402 907 463 946 esse
487 891 495 944 1
527 886 604 946 Illud
630 899 747 960 autern,
774 905 833 964 qua
853 885 995 965 sapientia
1015 885 1141 944 muudus

110 983 267 1045 fabricatus
281 983 336 1058 sit,
350 984 439 1062 magis
456 985 541 1044 etiam
557 983 679 1057 docere,
692 997 872 1061 quantopere
889 982 1030 1062 opinandi
1048 994 1141 1040 teme·

110 1082 176 1142 ritas
185 1081 319 1142 carenda
335 1082 477 1162 sitquum
490 1083 544 1142 ista
555 1082 651 1143 omnia
663 1083 726 1141 sola
735 1081 865 1161 opinatio
879 1080 1039 1161 pepererit,
1054 1085 1070 1152 §
1084 1081 1139 1153 86,

109 1180 155 1252 87.
177 1179 238 1240 Sed
252 1179 355 1238 venire
366 1198 397 1238 se
409 1178 447 1238 ad
459 1179 521 1238 visa
536 1178 757 1252 dormientium,
774 1179 1005 1251 vinolentorum,
1017 1177 1139 1236 furioso·

108 1295 186 1348 rum;
200 1275 242 1335 de
258 1273 411 1354 quibusab
427 1277 578 1355 utriusque
593 1277 684 1355 partis
695 1275 878 1356 philosophis
888 1274 1000 1354 integra
1013 1273 1140 1332 volumi-

108 1391 141 1429 na
154 1371 323 1451 conscripta
334 1372 409 1449 sint,
420 1383 541 1432 tractata
556 1371 658 1433 abillo
673 1371 834 1450 diligenter.
849 1371 918 1433 Sine
933 1389 1020 1431 eausa
1032 1389 1067 1429 ea
1084 1369 1139 1428 im-

105 1467 254 1528 becilliora
270 1468 348 1543 dici,
368 1487 454 1547 quam
468 1489 533 1547 quae
549 1470 607 1528 sint
621 1469 818 1550 vigilantium,
842 1480 895 1528 etc.
910 1473 1013 1548 Neque
1033 1485 1138 1546 quem-

105 1585 189 1644 qnam
204 1587 331 1646 negare,
347 1567 540 1648 experrectis,
553 1580 630 1641 etex
643 1568 742 1626 lurore
753 1566 790 1625 ad
806 1587 837 1625 se
849 1565 1008 1638 revocatis,
1022 1565 1085 1623 nisa
1097 1577 1137 1622 ta·

105 1663 141 1722 lia
150 1707 160 1736 ,
180 1665 282 1741 qualia
295 1665 370 1735 sint,
390 1663 423 1722 id
443 1679 501 1738 eet,
517 1665 616 1724 inania
628 1663 741 1737 videri3
755 1663 805 1723 sed
820 1664 923 1741 quaeri,
947 1661 1043 1740 qualia
1058 1673 1138 1728 tum,

104 1781 193 1840 quum
207 1762 392 1836 offerantur,
403 1761 565 1822 videantur.
572 1768 650 1823 Tum
664 1775 760 1822 autem
773 1781 873 1841 parem
885 1761 946 1820 haec
954 1761 1040 1819 iidem
1051 1758 1139 1818 habe-

105 1879 150 1928 re,
178 1879 269 1937 quam
285 1859 335 1918 illa
349 1859 538 1937 vigilantium.
567 1859 649 1920 Idem
667 1859 705 1918 de
720 1858 829 1918 insanis
840 1859 950 1928 valere,
979 1856 1064 1935 588,
1089 1858 1138 1932 89.

104 1955 174 2016 lude
187 1957 381 2016 certissimum
395 1957 466 2015 illud
481 1957 571 2029 effici,
587 1957 699 2015 nullum
710 1955 787 2015 inter
799 1975 869 2015 vera
880 1968 910 2014 et
925 1955 996 2013 falsa
1008 1954 1068 2012 visa
1081 1953 1138 2012 dis-

105 2054 213 2112 crimen
227 2072 303 2123 esse,
329 2053 377 2112 cni
391 2053 502 2112 animus
522 2071 668 2114 assensum
683 2072 767 2112 suum
783 2051 918 2111 addicere
932 2051 1038 2130 possit,
1057 2055 1073 2122 s
1088 2071 1136 2126 90.

106 2149 179 2222 Sed,
206 2150 301 2208 missis
320 2150 469 2221 sensibus,
491 2151 578 2209 etiam
591 2151 704 2208 ratione
722 2150 834 2230 percipi
847 2149 917 2208 nibil
933 2167 1026 2228 posse.
1049 2148 1138 2222 Quod

107 2246 181 2306 enim
193 2245 375 2306 dialecticam
389 2259 422 2306 ut
434 2249 496 2308 reri
513 2249 634 2326 falsique
643 2246 772 2325 judicem
788 2247 1011 2319 commendent,
1033 2245 1063 2303 id
1084 2265 1138 2304 nec

106 2343 134 2400 in
145 2341 261 2403 artibus
275 2343 410 2422 reliquis,
429 2363 483 2403 nec
496 2345 559 2423 ipsa
568 2345 598 2403 in
612 2345 798 2424 philosophia
812 2344 920 2404 valere.
938 2350 1136 2420 Quacumque

102 2439 227 2513 judicet,
240 2459 277 2500 ea
288 2439 325 2498 ad
338 2442 472 2520 seipsam
486 2441 641 2519 pertinere.
658 2446 698 2501 At
710 2441 776 2500 illos
790 2440 818 2500 ei
828 2442 946 2500 nimiam
955 2441 1013 2499 vim
1026 2437 1138 2499 tribue-

102 2556 148 2610 re,
172 2557 258 2614 qum,
276 2537 394 2616 singulis
414 2539 475 2616 ejus
496 2536 629 2617 partibus
641 2539 827 2611 examinatis,
845 2539 976 2617 nuspiam
990 2549 1137 2616 apparent.

104 2634 261 2692 eontinere
274 2649 339 2692 eam
353 2634 440 2692 etiam
455 2635 575 2704 soritas,
598 2652 673 2711 qnos
693 2634 743 2693 ille
760 2635 898 2694 vitiosum
915 2633 1035 2692 rationis
1046 2651 1136 2709 genus

105 2727 219 2788 dixerit
233 2734 274 2789 At
287 2730 370 2790 istius
381 2730 445 2790 vitii
459 2749 575 2789 causam
588 2731 619 2788 in
634 2731 699 2808 ipsa
713 2749 812 2790 rerum
825 2744 928 2789 natura
941 2727 1136 2807 querendam.

104 2829 133 2886 Si
147 2847 223 2886 vero
241 2827 340 2886 soritae
358 2827 491 2908 (perse)
511 2827 608 2886 vitiosi
622 2828 698 2900 sint,
714 2827 869 2886 solvendos
884 2827 940 2886 illis
954 2845 1035 2899 esse,
1052 2826 1138 2884 neiis

106 2923 286 2983 irretiantur.
305 2923 363 2984 Sed
376 2924 426 2984 illo
437 2924 621 3004 Chrysippea
633 2935 764 3004 ἡσυχάζειν
780 2924 853 2982 nihil
864 2925 987 3005 profici,
1002 2942 1091 3001 quum
1107 2923 1137 2980 in

104 3019 136 3078 iis
150 3038 298 3098 nusquam
309 3039 364 3078 nec
379 3021 500 3080 firmiter
518 3021 673 3100 progredi,
700 3041 753 3078 nec
769 3020 920 3091 insistere,
945 3020 1037 3078 liceat.
1054 3017 1135 3078 Nihil

104 3116 189 3194 igitur
208 3115 390 3176 dialecticam
407 3135 457 3175 eos
468 3116 590 3194 juvare,
616 3117 756 3194 §91-94.
780 3117 895 3175 Tollere
916 3114 990 3174 adeo
1006 3114 1137 3174 eamdem

103 3213 163 3291 ipsa
174 3212 295 3272 decreta
308 3231 369 3272 sua.
386 3215 468 3290 Licet
483 3215 561 3272 enim
574 3235 608 3273 ea
620 3212 677 3273 boc
688 3213 868 3272 fundamenti
879 3212 944 3270 loco
956 3226 1059 3291 ponat,
1076 3231 1136 3272 om·

100 3329 133 3367 ne
150 3323 203 3369 aut
213 3329 319 3368 verum
333 3329 414 3380 esse,
434 3325 485 3369 aut
500 3311 615 3384 falsum3
630 3322 725 3368 tamen
741 3309 867 3367 rationes
881 3307 961 3381 illas,
977 3309 1071 3386 qualis
1087 3310 1138 3369 illa

102 3405 153 3480 sit,
172 3427 240 3485 quae
255 3409 395 3466 mentiens
406 3407 535 3481 dicatur,
550 3405 768 3487 inexplicabiles
783 3405 850 3464 dici.
865 3403 899 3464 ld
911 3425 979 3464 sane
989 3407 1080 3486 magis
1093 3409 1137 3467 ol·

104 3503 222 3562 11111111
245 3503 369 3578 debere,
385 3523 472 3582 quam
487 3523 552 3583 quae
567 3523 585 3563 a
598 3525 629 3564 se
644 3523 705 3563 non
718 3515 855 3582 percepta
870 3501 1013 3561 dicantur.
1039 3509 1134 3584 Ipsam

104 3613 197 3660 antem
211 3601 297 3660 istam
314 3601 394 3660 effati
409 3602 605 3661 definitionem
622 3603 646 3661 si
664 3614 793 3682 spectes,
819 3613 849 3658 et
867 3613 963 3658 tamen
980 3602 1044 3660 illas
1059 3603 1137 3662 inex-

104 3697 270 3776 plicabiles,
280 3719 335 3759 uec
345 3719 362 3758 1
371 3699 536 3779 Chrysippo
548 3699 671 3772 solutas,
683 3699 809 3758 rationes
819 3699 850 3756 in
859 3718 911 3757 nec
921 3697 1135 3776 approbandis,

105 3815 153 3854 nec
169 3795 392 3875 improbandis,
413 3799 484 3876 poni
497 3796 610 3871 rideas,
631 3797 793 3872 incongrue
806 3816 857 3856 eos
876 3797 972 3855 facere
988 3796 1136 3855 latendum

105 3911 171 3968 1111,
187 3915 244 3952 nec
255 3893 378 3954 concedi
393 3915 492 3974 posse,
506 3894 587 3973 quod
599 3895 760 3974 postulent,
775 3905 807 3953 nt
818 3913 873 3975 pro
886 3892 1137 3972 inexplicabilibus

105 3989 157 4048 illae
170 3991 362 4069 accipiantur.
384 3992 551 4055 (lautiorem
560 4011 622 4050 esse
635 3990 812 4068 Epicurum,
829 3990 994 4051 dialectices
1007 4001 1137 4048 contem-

105 4101 234 4166 ptorem,
249 4091 302 4168 qui
311 4091 368 4149 tale
374 4091 494 4150 effatum
500 4103 602 4168 neget,
621 4109 681 4167 quo
695 4107 754 4148 non
767 4107 904 4149 concesso
917 4100 978 4147 tota
989 4087 1137 4146 dialectica
