2748 4670
313 349 562 420 ACADEMIC.
591 351 626 434 1,
651 350 786 418 LIBER
811 349 932 435 11,18.
1083 345 1152 420 315

77 469 226 558 alienis3
250 485 288 542 at
308 496 329 542 a
348 473 431 542 suis.
452 475 509 544 An
529 495 604 542 non
626 470 808 558 videmus,
827 469 898 542 hoc
911 483 1003 542 usu⁷
1019 474 1154 558 venire,

77 596 122 653 ut
149 606 247 678 quos
280 605 480 679 numquam
510 595 734 680 putassemus
769 604 789 650 a
820 577 926 650 uobis
959 584 1157 654 internosci

76 715 223 790 posse,
270 717 362 781 eos,
398 691 661 764 consuetudine
701 689 891 776 adhibita,
933 705 1006 762 tam
1051 690 1155 764 facile

76 805 435 891 internosceremus,
463 803 517 874 uti
540 827 587 874 ne
615 802 806 874 minimum
824 798 998 898 quidem⁸
1021 803 1154 874 similes

76 911 317 984 viderentur?
334 913 419 1004 Hic,
440 937 580 1014 pugnes
598 913 702 998 licet,
721 937 797 984 non
810 910 1044 1011 repugnabo:
1064 914 1153 1010 quin
1173 910 1206 982 ⁵7

78 1021 191 1090 etiam
204 1019 401 1092 concedam
413 1077 423 1110 ,
435 1021 537 1094 illum
555 1025 676 1121 ipsum
692 1025 910 1121 sapientem,
927 1022 973 1095 de
989 1046 1065 1119 quo
1078 1047 1155 1094 om·

77 1131 136 1200 nis
163 1127 226 1200 hic
251 1153 370 1202 sermo
394 1147 470 1220 ¹est,
494 1159 609 1231 quum
628 1137 663 1206 ei
683 1159 741 1206 res
761 1133 920 1206 similes9
941 1147 1153 1220 occurrant,

79 1263 171 1335 quas
193 1263 272 1310 non
295 1239 425 1312 habeat
446 1243 687 1329 denotatas¹⁰,
706 1259 932 1319 retenturum
953 1265 1155 1328 assensum3

78 1373 149 1420 nec
179 1373 357 1446 umquam
385 1352 451 1423 ulli
477 1357 555 1425 viso
583 1361 835 1442 assensurum,
863 1355 932 1424 nisi
959 1351 1060 1452 quod
1083 1351 1155 1422 tale

80 1457 209 1547 fiterit,
229 1460 337 1558 quale
354 1459 484 1533 falsum
504 1473 623 1536 esse¹¹
644 1490 718 1536 non
740 1463 862 1564 possit.
886 1463 956 1535 Sed
979 1459 1077 1533 etad
1096 1485 1154 1530 ce-

80 1584 174 1640 teras
191 1593 250 1640 res
266 1569 376 1642 habet
388 1583 417 1615 ¹²
440 1572 634 1669 quamdam
652 1571 818 1661 artem¹³,
835 1598 908 1671 qua
922 1597 1006 1644 vera
1022 1597 1042 1644 a
1059 1569 1155 1641 falsis

80 1680 197 1775 possit
217 1677 456 1778 distinguere3
477 1697 513 1754 et
535 1683 581 1755 ad
604 1684 858 1756 similitudines
877 1686 961 1754 istas
980 1707 1068 1754 usus
1090 1679 1154 1751 ad·
1216 1765 1225 1774 .

82 1785 266 1861 bibendus
292 1795 398 1863 est¹⁴.
419 1797 470 1864 Ut
495 1809 610 1866 mater
636 1797 799 1893 geminos
825 1793 1041 1865 internoscit
1065 1816 1154 1862 con-

81 1899 278 1973 suetudine
292 1903 482 1976 oculorum
499 1933 508 1975 :
524 1907 575 1978 sic
588 1921 629 1978 tu
643 1910 884 1993 internosces,
901 1905 932 1976 si
945 1906 1152 1976 assueveris.

116 2135 141 2181 7.
149 2119 260 2168 Annon.
273 2154 280 2168 .
290 2137 346 2170 assu
352 2121 446 2173 venire.
453 2124 597 2176 GndWrst.
642 2127 666 2175 ei
673 2125 826 2192 postsimiies
835 2136 948 2191 ponunt:
960 2124 1073 2188 equidem
1082 2139 1155 2190 pron.

82 2213 137 2246 ense
150 2199 209 2249 edd.
225 2209 286 2248 vett.
300 2200 412 2268 pluribus
425 2213 469 2264 at,
488 2203 542 2253 Erl.
553 2215 599 2254 aut
641 2218 670 2257 ut
684 2222 698 2256 s
713 2206 798 2255 scribis
815 2205 943 2266 additum,
960 2204 1090 2254 delendum
1103 2221 1154 2256 esse

83 2293 128 2340 pro
151 2279 194 2326 An
216 2279 343 2330 exhibent.
365 2281 412 2331 Sed
433 2283 526 2349 ubique
547 2285 598 2334 iere
641 2296 730 2336 statuo.
744 2287 776 2335 G.

82 2355 199 2406 lacessis
218 2359 305 2408 scribis
320 2377 354 2408 en
368 2361 395 2409 in
408 2363 598 2429 interrogatione
680 2382 719 2416 ro.
738 2367 887 2414 muctam.
907 2363 973 2414 Gnd.
994 2365 1025 2414 ir.
1044 2363 1109 2414 Cod.
1129 2374 1155 2412 et

82 2435 154 2484 solet.
164 2437 262 2486 Deinde
274 2438 328 2488 vult
339 2441 421 2490 Deris.
434 2443 530 2492 venisse
541 2461 597 2494 cor·
640 2444 691 2494 Erl.
712 2445 852 2500 sinotum,
873 2444 942 2508 quod
962 2444 1005 2492 rix
1023 2443 1120 2492 videtur
1140 2459 1154 2491 s

82 2516 136 2579 rigi.
153 2517 203 2566 Sed
219 2529 256 2566 est
273 2519 314 2566 liic
334 2519 423 2572 inlinit.
441 2523 503 2588 perf.
525 2525 599 2588 greci
642 2523 728 2574 scribis
747 2524 897 2589 profectum,
910 2523 968 2573 licet
985 2523 1073 2572 Lenius
1085 2521 1112 2570 lt.
1128 2537 1152 2570 r.

81 2593 154 2654 loeo,
166 2607 191 2644 et
202 2607 267 2645 recte
279 2613 324 2662 per
334 2600 422 2648 verrin
432 2602 510 2650 solere
519 2603 599 2668 expli·
642 2619 742 2670 prorsus
747 2603 867 2668 ignorent.
877 2603 1003 2651 Dcnotm
1011 2613 1092 2650 entem
1098 2615 1155 2648 rere

83 2685 160 2722 ntur.
173 2675 206 2725 G.
641 2699 689 2748 pro
705 2681 812 2750 simplici
830 2693 916 2730 notate
928 2681 1024 2746 saepius.
1041 2679 1080 2730 Cf.
1096 2681 1154 2743 Leg.

117 2754 143 2802 8.
160 2753 203 2802 Uti
211 2771 243 2803 ne
254 2754 379 2805 minimum
391 2755 489 2824 quidem
500 2759 597 2812 similes.
641 2763 711 2812 Men.
728 2763 754 2822 3,
770 2777 794 2824 7,
811 2771 857 2809 etc.
870 2762 901 2810 G.

83 2831 150 2880 Gnd.
162 2833 208 2882 Dr,
218 2835 298 2886 wrst.
312 2831 337 2904 ψ.
351 2835 468 2888 omittunt
485 2839 528 2889 uti.
547 2841 598 2890 Cn·
680 2857 721 2894 rr.
740 2843 818 2906 Quale
825 2840 925 2908 salsum
940 2855 990 2888 esse
1006 2853 1056 2886 non
1071 2837 1157 2902 pessit.

82 2911 120 2971 jue
139 2913 195 2960 vitii
213 2929 309 2963 caussm
328 2916 421 2966 nullm
438 2917 509 2967 sliam
526 2921 596 2969 ride·
641 2921 746 2970 Goerens
772 2921 836 2970 delet
859 2937 918 2970 esse.
945 2922 1043 2984 Quippe
1067 2917 1154 2981 quot,
1173 2963 1178 2976 ,

83 3005 154 3054 nius,
171 2991 220 3040 nisi
239 2993 307 3058 quod
325 2997 457 3062 saepissime
476 2997 501 3046 in
522 3000 597 3049 codd.
640 2999 734 3063 inquit,
746 2991 844 3050 irlccd.
857 2995 1155 3063 etErl.iguorent,Gnd.

84 3081 111 3115 rt
129 3081 185 3118 ante
203 3088 234 3119 ne
254 3073 368 3122 cmissnn
384 3075 597 3140 deprehendimus.
622 3084 721 3128 'sunm
734 3089 759 3127 et
772 3089 831 3129 vett.
849 3077 906 3127 edd.
922 3093 978 3126 cnnr
991 3077 1054 3123 Ven.
1073 3081 1156 3138 rtet,

83 3147 209 3213 ldqnevel
222 3151 280 3202 inde
293 3155 406 3204 nonnihil
418 3155 598 3222 probabilitatis
640 3157 740 3222 plures,
766 3173 816 3205 esse
834 3154 951 3222 falsum,
983 3165 1153 3217 transponant.

84 3230 185 3294 recipit,
199 3231 267 3295 qnod
279 3233 343 3283 Ven.
357 3243 433 3299 1494,
446 3253 476 3285 ne
487 3239 597 3304 ignoret,
640 3235 758 3297 Accedit,
776 3235 844 3300 quod
861 3235 888 3284 b.
907 3233 926 3283 1.
943 3250 969 3281 r.
981 3229 1081 3282 inlicito
1093 3231 1155 3280 nibil

85 3318 111 3354 ut
126 3319 228 3359 retenta.
246 3311 308 3360 Esse
323 3325 419 3376 sutem,
436 3327 494 3381 post
508 3318 597 3366 similes
641 3315 713 3380 plsne
726 3331 789 3380 opus
801 3315 842 3363 rit.

85 3387 155 3452 vulgo
166 3388 295 3452 additum,
306 3402 371 3442 recte
379 3394 407 3444 b.
417 3393 434 3442 l.
444 3397 502 3445 Em.
513 3399 596 3447 Daris.
681 3410 723 3444 in.
737 3393 786 3442 Sed
794 3392 863 3442 etad
870 3403 962 3440 ceteras
970 3406 1007 3438 rss
1018 3388 1101 3438 labet.
1114 3389 1154 3441 Sc.

84 3481 221 3530 preeunte,
235 3472 331 3532 rejecit3
350 3489 428 3538 neque
440 3487 595 3538 nostrornm,
640 3473 746 3538 sapiens.
759 3471 907 3522 Addidimns
920 3473 1006 3538 partic.
1015 3479 1053 3530 “s
1067 3469 1109 3518 ⁰⁰1
1120 3469 1156 3518 ¹1·

85 3558 170 3610 preter
179 3547 230 3597 Erl.
237 3549 302 3598 nllus
311 3551 337 3600 id
343 3543 431 3603 servet.
441 3556 504 3603 Nem
515 3568 597 3605 emant
640 3563 691 3601 ters
699 3553 784 3621 paullo
794 3544 853 3618 post'
864 3550 1003 3617 respondet.
1016 3549 1057 3598 Sic
1065 3549 1154 3611 jubent

85 3625 167 3674 scrib:
185 3637 245 3692 post
260 3627 347 3677 similis
363 3631 463 3680 verbum
478 3633 598 3685 substent.
644 3633 674 3680 ir.
693 3633 750 3682 cod.
768 3635 847 3682 Wret.
869 3631 940 3680 Vien.
958 3639 982 3676 et
997 3621 1022 3692 ψ.
1045 3628 1075 3676 Et
1089 3638 1154 3677 recte

13 3721 15 3726 ·
85 3703 188 3753 addere:
202 3708 238 3754 sic
249 3707 319 3756 brevi
333 3720 433 3760 snteex
446 3711 519 3762 codd.
533 3729 598 3762 non·
639 3711 744 3774 jubent:
763 3728 818 3760 nam
832 3723 877 3760 «et
950 3721 1011 3772 eu,
1029 3708 1045 3758 ἰ.
1064 3725 1088 3772 q·
1102 3725 1154 3758 non

85 3783 157 3831 nullis
172 3786 257 3836 lsmb.
275 3799 299 3836 et
316 3789 399 3838 Daris.
417 3801 488 3840 «tem
508 3792 598 3842 similes
641 3791 736 3850 solnm,
750 3791 886 3840 sedetiam.
907 3790 948 3840 Ci.
964 3803 1037 3853 snpra
1050 3785 1093 3844 16,
1106 3785 1152 3845 lde

87 3861 171 3924 inisse,
179 3882 253 3928 quem
263 3865 406 3931 dicuntur»,
415 3869 458 3918 sed
467 3882 531 3920 recte
541 3874 598 3920 Em.
642 3879 666 3918 et
676 3871 772 3935 saepius.
787 3871 819 3918 G.

88 3943 151 4007 vulg.
165 3946 288 4010 reposuit,
304 3949 472 4012 respuentibus
487 3949 598 4017 nsuisse
680 3951 721 3998 1³.
749 3949 887 4011 Quendam
913 3958 1002 3996 arteris.
1028 3937 1153 4009 Κριτήριον

89 4019 143 4069 item
152 4023 345 4074 meisomnibus.
358 4029 390 4076 G.
641 4028 770 4092 intelliges.
786 4029 818 4077 G.

123 4115 147 4162 9·
159 4103 239 4168 Quum
249 4101 273 4150 εἰ
282 4121 322 4152 res
329 4103 426 4155 similes.
439 4105 504 4156 Gud.
513 4117 537 4155 et
547 4105 596 4160 llrl.
680 4115 719 4166 tt.
730 4105 994 4158 subaudissent.
1005 4098 1096 4160 eidem,
1105 4100 1123 4148 l·
1131 4117 1155 4155 et
