2764 4688
433 353 705 425 excursus
730 356 796 424 vr.
1081 383 1148 455 ¹99

90 471 145 538 cle
159 493 244 552 esse,
261 488 296 536 et
313 487 437 538 exstare
459 474 493 538 in
515 497 625 542 rerum
642 492 771 559 natura,
789 477 884 564 quale
902 479 1147 566 peractionem

91 577 256 644 intellectui
281 575 431 648 offertur.
459 581 554 646 Coos.
569 581 727 648 ·Stiiudlin
756 581 867 647 Gesch.
891 583 924 648 d.
952 583 1146 673 Skcpticirm.

88 685 183 767 ΤΗ,
201 684 236 750 S.
252 707 327 774 ²7¹·
348 686 497 752 Hunsnu.

86 887 816 914 mmmfflmmmwtmwhm
820 892 1006 916 mmmm
1010 896 1146 916 mmm

334 1071 774 1200 EXCURSUS
817 1082 898 1184 VI

290 1324 328 1370 Ad
344 1323 501 1373 cccicerouis
516 1325 603 1380 verba,
625 1324 935 1390 amn.11,tib.1,§41:

147 1497 236 1567 Quod
248 1507 351 1552 autem
368 1508 431 1552 erat
441 1515 527 1554 sensa
540 1499 789 1574 comprehensum,
808 1500 840 1554 id
853 1501 947 1574 ipsmn
960 1519 1075 1560 seersum

434 1587 440 1596 ’
526 1587 705 1666 appellabat.

473 1771 759 1802 -w

121 1955 157 2020 ld
172 1958 316 2022 maxime
332 1957 517 2022 Stoicorum
535 1956 697 2046 disputata
713 1957 901 2023 obscuriora
915 1955 1042 2040 reddit,
1057 1957 1149 2046 quod

86 2077 127 2126 tot
141 2085 237 2130 rocca
253 2063 297 2128 ab
314 2063 384 2145 bie,
399 2061 566 2128 brevitatis
584 2085 697 2144 cauea,
712 2075 773 2128 κοτ’
786 2074 871 2144 tinxit
887 2059 1078 2154 ponuntur:
1097 2065 1149 2128 cui

85 2168 124 2231 rei
150 2169 213 2234 nisi
242 2184 393 2234 accurate
419 2168 617 2250 attenderis,
646 2191 715 2234 non
738 2167 879 2258 poteria,
908 2169 987 2258 quin
1004 2190 1089 2258 soepe
1118 2170 1151 2232 in

33 2315 37 2324 ·
85 2295 190 2340 eorum
205 2287 418 2356 φιλοσοφουμένοις
432 2291 465 2338 et
480 2274 619 2358 baereas,
634 2291 669 2342 ct
683 2297 780 2340 erres.
795 2276 867 2340 Hoc
882 2274 990 2364 ipenm
1005 2267 1072 2357 eet,
1084 2297 1152 2364 quo

84 2401 113 2442 ee
126 2379 341 2470 philosophiae
357 2381 456 2462 hujus
476 2397 676 2448 enarratores
692 2380 863 2471 pascimin
879 2379 1085 2447 difficultates
1098 2381 1152 2444 in·

84 2483 238 2569 duerm,
251 2509 325 2574 quae
336 2488 432 2554 nullae
443 2503 521 2552 sunt
532 2509 540 2551 :
552 2489 646 2568 errius
657 2489 704 2553 rei
722 2487 869 2577 exempla
880 2487 988 2552 adlib.
999 2489 1047 2552 111
1060 2503 1092 2550 et
1106 2487 1151 2551 IV

83 2589 118 2656 de
130 2592 268 2658 Finibus
285 2593 379 2682 plura
397 2592 558 2658 dabimus.
576 2593 655 2664 Erat
668 2610 777 2660 nutem
790 2593 928 2659 omnino
943 2593 1009 2658 boo
1024 2593 1151 2666 Stoico·

84 2718 149 2762 rum
166 2699 358 2790 proprium,
382 2715 421 2762 ut
437 2715 587 2764 contorte
602 2699 859 2788 complicateque
876 2697 1042 2762 dicerent:
1061 2694 1151 2759 unde

84 2802 167 2868 facilc
179 2805 304 2868 iactum
317 2818 384 2884 est,
402 2819 457 2886 ut,
469 2803 660 2868 notionibus
671 2805 768 2868 etiam
784 2819 933 2868 aceruate
946 2801 1151 2885 constitutis,

84 2923 185 2974 umen
200 2929 300 2974 voces
312 2905 401 2997 apud
414 2929 469 2976 eos
485 2931 551 2996 prae
565 2909 679 2972 ceteris
695 2911 905 2996 frequentatur
919 2907 964 2972 ita
977 2905 1151 2996 multivaga

83 3013 112 3076 ri
125 3027 338 3102 ponerentur,
354 3028 393 3077 ut
410 3013 506 3078 unice
522 3037 563 3078 ex
575 3013 755 3096 contextis,
774 3011 855 3102 quid
873 3034 1007 3101 quoque
1025 3011 1099 3076 loco
1111 3013 1150 3077 iis

37 3174 39 3183 .
84 3117 329 3208 significarem,
340 3135 375 3184 et
387 3120 439 3184 vel
449 3120 495 3184 ric
509 3118 695 3202 difficulter,
706 3118 824 3200 conjici
834 3117 956 3184 liceret.
973 3117 1059 3182 Hinc
1072 3117 1151 3183 inde

84 3226 174 3294 etiam
190 3225 275 3292 illud
290 3241 357 3308 eat,
376 3223 467 3314 quod
481 3225 617 3294 vocibus
634 3225 694 3307 iis,
713 3247 786 3314 qum
799 3225 834 3288 in
846 3223 1066 3313 disputatione
1077 3241 1152 3312 post

84 3332 206 3422 singula
229 3354 321 3422 pinne
345 3331 445 3398 rerba
465 3332 695 3408 recurrebant,
713 3353 846 3398 aeneum
872 3328 1047 3420 quemdem
1072 3353 1153 3419 prar-

85 3454 234 3526 gnantem
254 3435 436 3520 addebant,
453 3462 496 3504 ne
512 3438 664 3505 notiones
681 3437 890 3526 totieequene
905 3435 1053 3504 indicatae
1069 3439 1154 3502 auri·

86 3541 142 3608 bne
164 3541 300 3609 taedium
322 3561 496 3610 crearent:
520 3546 648 3633 copiam
674 3546 761 3610 enim
783 3543 1036 3633 varietatemque
1051 3545 1087 3608 in
1104 3543 1154 3616 di·

87 3647 185 3714 cendo
202 3672 320 3738 pamm
338 3649 506 3715 curabant.
526 3650 576 3714 Ita
588 3672 619 3716 v.
633 3673 661 3715 c.
674 3673 737 3716 vox
749 3662 818 3731 φύσις
832 3665 897 3731 cst,
912 3672 985 3738 quac
998 3648 1086 3739 apud
1099 3671 1154 3714 coe

89 3767 146 3818 tam
156 3777 236 3846 vage
248 3773 422 3845 usurpata,
440 3756 536 3820 toties
549 3756 646 3820 etiam
659 3773 718 3819 κατ’
732 3765 815 3834 ιξοχὴο
832 3754 874 3820 de
889 3755 1025 3820 dominic
1036 3767 1155 3819 natura

89 3855 218 3944 dicitur5
232 3859 278 3924 ita
294 3871 436 3941 φαντασία,
462 3882 535 3948 quae
550 3875 616 3924 tam
633 3881 717 3949 Soepe
734 3882 795 3948 pro
811 3871 939 3940 φαντασίᾳ
962 3872 1154 3939 aaronem,

13 4011 14 4068 3
89 3960 193 4048 idest,
206 3965 292 4046 vito,
309 3965 528 4056 quodpercr'pi
540 3963 821 4054 comprehendique
825 3975 934 4054 potest
945 3959 1058 4052 (quod
1070 3960 1156 4025 idern

91 4067 197 4134 Cicero
208 4071 244 4136 in
261 4069 400 4136 Lucullo
415 4072 581 4154 imitatus,
599 4069 689 4135 baud
704 4093 777 4135 raro
793 4069 980 4159 simpliciter
996 4071 1099 4131 visum
1112 4065 1160 4130 di·
