2716 4686
291 398 536 469 Antonine.
557 400 608 484 n,
632 399 766 467 Lnnn
790 401 824 484 1,
840 397 873 468 3.
899 433 901 439 ι
956 449 961 455 .
1049 399 1110 472 131

72 541 141 612 vero
166 531 201 588 et
223 515 356 604 haec¹⁴‚
372 521 437 614 qui
454 519 514 590 itta
533 543 609 590 non
634 533 827 618 poterunt3
847 533 883 590 et
907 503 972 617 qui
993 523 1117 594 Graeca

70 641 240 722 potentat,
263 652 338 699 non
359 644 596 702 contemnent
617 627 736 702 sua¹⁵.
766 628 864 720 Quid
885 635 982 702 enim
1003 657 1116 705 cnusae

72 751 129 822 est,
149 761 210 808 cur
234 753 359 836 poetas
378 738 507 810 latinos
528 742 650 838 grtecis
677 741 788 812 literis
819 740 950 812 eruditi
979 742 1117 840 legant,

69 846 290 948 philosophos
311 875 387 926 non
411 850 551 948 legant?
569 878 615 924 an
635 853 728 950 quie
741 850 895 923 deiectat
907 849 937 896 ¹⁶
960 855 1117 943 Ennius,

69 961 240 1049 Pacuvius,
257 961 395 1050 Attius,
411 961 515 1032 multi
531 963 590 1033 alii
600 973 642 1052 ¹⁷,
658 963 811 1058 quinon
826 960 952 1049 verba,
967 962 1126 1034 sedvim·

67 1092 248 1164 graecorum
261 1087 516 1168 expresserunt
527 1073 739 1171 poetarum?
753 1075 900 1170 Quanto
913 1075 1025 1170 magis
1038 1073 1118 1172 phi·

68 1177 194 1277 losophi
217 1177 467 1266 delectabunt,
489 1185 537 1270 si,
557 1197 598 1253 ut
632 1183 685 1254 itti
712 1183 944 1280 AEschylum,
974 1183 1118 1280 Sopho-

68 1287 162 1377 clem,
176 1289 407 1388 Euripidem;
427 1291 476 1362 sic
493 1291 532 1361 hi
549 1293 734 1364 Platonem
759 1294 962 1376 imitentur,
983 1293 1117 1364 Aristo·

68 1398 175 1488 telem,
186 1400 499 1498 Theophrastum?
511 1405 680 1474 Oratores
690 1401 838 1500 quidem
851 1401 988 1472 laudari
998 1401 1117 1493 video,

67 1511 168 1607 siqui
189 1537 208 1582 e
234 1513 368 1583 nostris
389 1512 609 1610 Hyperidem
632 1514 719 1600 sint,
744 1526 807 1582 aut
834 1511 1115 1584 Demosthenem

67 1622 187 1692 imitati.
201 1627 280 1720 Ego
299 1617 461 1694 autem¹⁸
480 1623 620 1717 (dicam
637 1624 751 1708 enirn,
774 1636 815 1691 ut
835 1629 892 1693 re's
912 1621 1007 1716 est),
1028 1622 1115 1694 dum
1139 1651 1167 1686 tt

67 1755 114 1800 ne
134 1730 301 1820 ambitio,
319 1731 407 1804 dum
432 1729 613 1815 honores,
633 1731 721 1802 dum
739 1755 871 1817 causae,
892 1730 981 1802 dum
999 1734 1119 1831 reipu-

66 1837 154 1912 blicee
174 1867 251 1913 non
269 1843 386 1914 solum
405 1867 491 1915 cura
503 1854 547 1931 ¹9,
567 1841 630 1914 sed
653 1839 818 1939 quaedam
850 1843 957 1912 etiam
984 1868 1118 1942 procu-

839 1965 849 1994 Ι

66 2015 161 2078 pluribus
180 2021 251 2070 locis.
270 2021 344 2072 Conf.
365 2024 424 2070 Intt.
442 2021 473 2070 sd
487 2023 561 2070 Divv.
606 2022 678 2069 Tusc.
693 2023 743 2079 111,
761 2037 783 2080 r,
799 2035 826 2082 r;
840 2019 900 2070 ibid.
918 2023 971 2079 111,
985 2037 1015 2084 n,
1029 2022 1054 2071 5.
1069 2024 1118 2071 De-

66 2097 288 2162 11‚ep.t‚mxime
295 2103 322 2150 P.
330 2103 425 2150 Menut.
435 2112 460 2148 et
468 2103 561 2150 Kortte.
604 2100 679 2165 nique
696 2099 749 2148 haee
764 2110 846 2148 nostru
862 2101 924 2150 ratio
941 2117 991 2164 aa,
1008 2101 1068 2166 quia
1083 2101 1118 2150 sic

64 2175 129 2225 tacte
147 2179 219 2228 etism
236 2191 261 2227 tc
280 2179 355 2240 abjici
371 2180 467 2244 potnit,
486 2196 563 2244 qnnm
606 2179 723 2244 capienda
734 2191 781 2242 est,
797 2190 839 2240 ut,
850 2203 863 2224 a
874 2197 906 2229 en
919 2180 967 2228 hoc
980 2197 1058 2229 cenete
1069 2191 1117 2240 eet,
1175 2232 1178 2238 ,

65 2253 116 2303 forte
128 2257 198 2317 date,
213 2275 263 2310 nne
277 2275 341 2308 voce
352 2261 505 2308 scriberetur.
525 2263 562 2307 Its
607 2275 651 2307 cnr
663 2270 748 2324 pocus
764 2259 781 2306 l.
791 2271 836 2308 ete.
847 2281 858 2304 ι
869 2261 940 2324 plenu
950 2263 1067 2309 sententie
1077 2261 1117 2309 sit.

64 2347 135 2382 sensns
143 2337 204 2385 soret
213 2353 220 2386 :
229 2339 332 2401 «Quare
345 2339 470 2388 committe
480 2348 505 2386 te
515 2339 562 2386 mi·
606 2340 688 2401 Quum
699 2355 757 2386 vero
767 2339 793 2386 in
801 2355 855 2408 sqqr
866 2361 879 2382 a
886 2357 937 2388 non
945 2351 1015 2389 tanto
1023 2342 1118 2408 megisp

65 2409 96 2468 hi,
108 2425 220 2480 etnpeme
236 2417 379 2481 eloqueren.
400 2419 431 2466 G.
605 2419 674 2481 sequi
696 2416 818 2466 deberet:
841 2419 938 2482 scripsit
960 2430 1046 2467 auctor
1068 2419 1120 2480 ejus

95 2499 131 2546 1⁴·
150 2496 228 2542 Immo
246 2511 308 2542 vero
330 2496 438 2561 elliptice
457 2495 561 2557 dicitnr,
605 2497 663 2544 loeo
681 2498 806 2561 repentina
832 2497 970 2545 inversione
995 2517 1007 2540 ι
1026 2508 1119 2562 quanto

65 2567 93 2614 ¹5⁰
112 2581 237 2630 unumst
260 2575 399 2634 sententis,
422 2591 478 2623 meo
497 2574 563 2635 judi·
606 2577 682 2640 magis
692 2597 714 2624 s.
724 2577 756 2625 G.

64 2646 124 2708 dm,
133 2653 265 2716 cogitando
280 2653 313 2700 sit
330 2653 478 2703 addendum.
491 2653 563 2703 cons.
644 2671 684 2716 17.
699 2652 840 2703 nutriatis·
856 2655 915 2703 iiaee
929 2654 1020 2702 delevit
1033 2653 1118 2702 lamb.

64 2725 108 2775 ΟΠ.
138 2733 198 2794 111,
224 2735 281 2791 23,
307 2733 332 2780 8.
357 2737 389 2782 G.
424 2759 460 2771 -·
486 2735 564 2781 Immo
607 2733 656 2782 Sed
676 2733 788 2798 equidem
808 2735 1010 2795 censentientem
1030 2733 1121 2781 nnlhm

63 2819 115 2853 atem
134 2821 156 2857 et
185 2811 251 2860 haec.
282 2813 341 2862 Non
371 2813 447 2861 modo
478 2827 565 2876 parurn
606 2813 691 2862 video.
709 2813 748 2863 Ci.
770 2814 822 2862 Fin.
839 2815 885 2873 tv,
910 2827 950 2873 ις,
969 2821 1011 2876 49.
1035 2811 1122 2860 Facilis

64 2888 157 2952 prohat,
166 2892 211 2940 sed
231 2891 306 2940 etism
318 2889 476 2954 contrahet,
490 2901 519 2939 at
536 2891 565 2939 li·
608 2892 679 2940 etism
694 2907 767 2956 opera
783 2893 869 2952 suerit,
884 2891 923 2940 vel
937 2891 1022 2940 decem
1035 2902 1123 2956 poetes

64 2962 115 3014 hroe
127 2981 179 3019 tuoe
196 2972 293 3036 legent,
309 2971 354 3036 qui
366 2973 468 3020 Graecos
485 2971 565 3035 legere
608 2973 664 3020 lett.
676 2973 738 3020 ulios
750 2972 799 3020 huc
809 2971 907 3020 addere.
922 2973 955 3020 G.

63 3059 107 3094 Ποῦ
119 3063 220 3114 portum
235 3067 242 3100 :
263 3063 287 3100 et
306 3053 350 3116 qui
367 3054 467 3101 Graecoe
486 3051 566 3115 legere
648 3055 689 3100 rt.
703 3053 757 3118 Ego
769 3063 888 3100 autem....
902 3067 968 3098 nunc
980 3066 1057 3108 vero,
1073 3059 1124 3099 etc.

64 3138 169 3190 imunt,
188 3147 241 3178 non
265 3141 425 3179 contemnent
448 3141 522 3194 tuos,
537 3139 566 3177 ut
609 3135 665 3182 Jnm
678 3131 765 3180 Cicero
776 3132 806 3179 de
817 3133 865 3178 euis
879 3146 960 3178 rerum
971 3129 1126 3195 philosophi·

63 3205 187 3272 sulingen
201 3209 319 3274 scriptos.
390 3229 397 3244 ¹
610 3207 1126 3273 esrnmstndiisingenneprofitetur.Nem

94 3285 133 3333 ιδ.
150 3287 206 3335 Non
229 3299 384 3336 contemnent
401 3305 456 3338 sua.
476 3289 567 3353 Scripti
609 3288 786 3356 philosophice,
805 3290 869 3336 inter
886 3303 944 3336 snos
960 3288 1026 3336 cives
1040 3303 1126 3352 perum

62 3359 161 3428 plerique
169 3381 255 3414 omnee
264 3377 433 3415 contemnant.
445 3368 494 3417 Sed
505 3367 566 3418 vitio
611 3369 748 3430 aestimatae,
759 3379 783 3416 et
796 3383 809 3416 o
824 3367 902 3416 nobili
916 3367 974 3415 loco
988 3369 1051 3416 ustis
1064 3383 1125 3417 con·

62 3442 181 3505 neptuim
190 3445 279 3504 obvio,
292 3457 316 3495 et
327 3463 357 3495 ex
366 3449 492 3496 communi
501 3462 568 3495 com·
611 3459 722 3513 tempto,
737 3447 839 3496 recubat
852 3447 926 3495 enimi
940 3447 1087 3506 effectuum,
1102 3465 1127 3496 v.

62 3522 136 3580 perdii
148 3525 217 3575 tonte
230 3525 346 3575 otiando.
613 3545 635 3575 c.
653 3527 785 3586 doiorum,
802 3541 890 3587 ceusu
904 3537 928 3574 et
946 3527 990 3575 otii
1004 3527 1066 3575 bene
1079 3527 1126 3574 sal·

94 3602 133 3652 16.
145 3607 186 3652 Aa
199 3604 263 3668 qaia
272 3603 386 3653 delectat.
400 3606 505 3653 Pessime
514 3605 539 3653 h.
549 3605 567 3655 l.
612 3607 680 3654 lendi
695 3608 777 3670 gratie.
792 3606 911 3670 Pompeio
927 3607 991 3654 enim
1005 3623 1018 3654 s
1034 3606 1127 3654 theare

62 3679 129 3740 quio,
146 3699 202 3732 enm
212 3687 322 3742 Veneta,
341 3687 443 3734 decens.
461 3687 570 3750 Ποινῆς,
614 3688 684 3746 ineo,
704 3688 829 3738 Ciceronis
842 3685 941 3751 publice
961 3685 1042 3734 officie
1056 3686 1127 3750 quie·

61 3771 73 3801 ¹
94 3759 210 3810 Dunnto
233 3773 258 3811 et
281 3765 376 3813 liment.
397 3765 501 3826 ejectum
525 3777 569 3814 est.
614 3757 722 3814 ec'ebent.
738 3769 770 3814 H.

61 3837 163 3888 Adhibet
190 3841 246 3892 Cic.
275 3842 339 3892 hene
366 3844 511 3906 particulam
534 3861 568 3892 aa
652 3859 693 3907 19.
707 3846 764 3892 Noa
780 3845 942 3900 solamenta,
958 3843 1003 3890 sed
1014 3841 1127 3908 quaedam

62 3915 570 3987 etipueeaniiaqmmontemtremitum»
614 3923 688 3986 etiam
699 3923 848 3986 procuratio.
867 3921 941 3970 Nunc
955 3923 1127 3982 entm,qmm-

62 3993 130 4054 ‘fidit
150 4013 216 4058 un,
229 3999 317 4062 quod;
335 4011 432 4060 utrum,
447 4001 529 4065 qnod.
540 4037 565 4050 ..
613 4003 651 4050 vie
662 4017 714 4050 meu
728 4001 840 4066 quiedam
854 4002 886 4048 eit
899 4001 962 4064 reip.
973 4015 1046 4054 eum,
1060 3997 1126 4044 nuile

62 4088 102 4134 tn,
115 4075 186 4139 qood
197 4099 222 4136 ιι,
237 4087 262 4126 et
275 4077 382 4143 denique
396 4101 409 4122 ι
418 4096 465 4139 en,
479 4083 536 4145 qnia
547 4099 571 4137 n,
615 4091 696 4129 temen
712 4081 868 4146 pmrnratim
882 4077 1059 4127 administratio
1075 4087 1125 4134 est,

63 4163 86 4198 nr
102 4166 188 4205 nostm
207 4155 274 4208 loco.
292 4159 341 4206 Pro
358 4159 434 4210 Arch.
455 4175 501 4222 rc,
520 4161 570 4222 ³⁰3
616 4175 693 4226 quum
702 4161 784 4212 omnic
792 4161 865 4210 unius
873 4158 967 4206 ditione
975 4168 1000 4205 et
1010 4163 1129 4219 potestate

962 4268 995 4338 9.
