2756 4692
244 313 314 419 553
565 337 627 417 Μ.
652 348 691 418 r.
717 346 963 418 crcnaoais

243 467 409 566 cognovi.
431 466 658 567 deprimunt
681 467 827 568 quidem
849 483 994 566 tempus
1011 455 1321 546 salutationibus,

238 577 419 676 reliquum
438 580 731 676 percunctatione
746 577 1062 676 consumpsimus⁴
1065 631 1123 650 .....

279 713 449 794 [sociarat.
457 712 625 786 Unus,duo‚
633 726 690 774 tres
701 736 708 771 ε
720 727 839 793 quarm
851 727 982 789 autem,o
996 717 1087 774 amice
1095 716 1223 788 Timaec,
1236 714 1316 774 ubi-

241 830 309 871 nam
322 813 388 870 est?
403 810 503 888 nt,qui
515 809 580 868 heri
591 829 608 868 a
619 829 665 870 me
674 811 805 870 convivio
817 811 926 890 accepti
940 810 1114 881 estis,hodie
1128 811 1318 872 mevioissiua

242 903 525 982 accipiatis'l'rueus.
535 901 665 966 Adversa
671 902 830 968 valitudine
838 902 963 975 laborat,
975 907 1152 968 oscor-ates:
1162 905 1316 962 nonenim

241 995 388 1076 sponteab
398 995 454 1054 hoc
464 1008 539 1054 oretu
548 1008 577 1055 et
589 995 784 1076 disputatione
798 995 991 1056 abstinuisset.
1000 1001 1241 1076 SocaarasAErgo
1250 998 1314 1064 tui,

240 1111 260 1150 o
270 1090 390 1162 Timaee,
401 1101 431 1148 et
443 1089 565 1148 istorum
580 1089 636 1148 erit
649 1087 755 1160 officii,
769 1087 849 1167 quod
860 1089 957 1166 quarti
972 1088 1049 1148 illius
1063 1087 1194 1148 absentis
1204 1088 1315 1162 deest,

241 1181 371 1260 implere.
381 1184 509 1242 Tuane
522 1185 691 1259 Itaprorsus
702 1203 709 1238 :
719 1199 810 1259 quare
824 1179 908 1250 nihil,
916 1179 1015 1258 quoad
1028 1179 1091 1238 lieri
1097 1179 1217 1258 poterit,
1227 1199 1314 1257 pre—

241 1276 448 1336 terminemus:
464 1293 531 1336 nam
544 1293 634 1352 quum
646 1274 724 1340 laute
738 1272 790 1340 abs
805 1285 834 1332 te
848 1272 985 1340 hesterno
995 1273 1083 1354 epulo
1094 1272 1207 1350 accepti
1222 1272 1314 1330 lueri·

240 1386 314 1435 mut,
321 1368 401 1426 nelos
408 1379 494 1440 esset,
503 1365 632 1444 siepulas
640 1363 693 1424 tibi
700 1385 755 1444 pro
763 1363 872 1426 viribus
883 1364 989 1424 similes
997 1363 1122 1432 libenter
1132 1383 1193 1430 non
1204 1364 1312 1423 redde-

238 1477 344 1520 remus.
357 1461 512 1518 Socasras.
522 1461 599 1517 Num
612 1457 819 1528 recordamini,
828 1477 893 1536 quae
905 1456 988 1516 vobis
1003 1471 1034 1516 et
1046 1477 1135 1535 quam
1148 1455 1240 1516 muita
1249 1469 1311 1515 tra-

237 1549 342 1610 ctanda
354 1541 652 1628 proposuii'Tnuns.
661 1549 769 1609 Partim
782 1548 900 1628 quidem
916 1563 1046 1610 tenemus
1059 1549 1218 1622 memoria,
1233 1568 1307 1628 par-

238 1644 289 1702 tim
307 1661 377 1702 vero
392 1654 440 1714 tu,
455 1641 480 1702 si
493 1641 668 1715 exciderint,
685 1661 822 1720 suggeres
839 1662 846 1700 :
861 1643 951 1703 immo
963 1659 1051 1711 vero,
1067 1641 1124 1700 nisi
1148 1641 1306 1700 molestum

238 1735 289 1804 sit,
301 1733 431 1798 breviter
443 1733 492 1793 illa
506 1733 544 1793 ab
555 1733 676 1792 exordio
691 1747 806 1814 repete,
818 1746 851 1794 ot
863 1733 950 1793 nobis
964 1734 1070 1793 itemm
1084 1733 1309 1800 confirmentur.

241 1827 518 1894 SecurusFaoiam
528 1825 671 1906 equidem.
682 1830 800 1887 Summe
808 1824 1010 1906 disputationis
1017 1823 1161 1894 hesternae
1172 1837 1307 1884 eratres-

239 1917 371 1997 pablica,
387 1919 481 1996 qualis
494 1917 565 1981 mihi
580 1932 660 1978 etex
679 1919 814 1996 qualibus
827 1919 898 1976 viris
913 1918 1022 1998 optima
1039 1935 1124 2004 posse
1145 1915 1212 1974 tieri
1224 1915 1307 1976 tide

237 2025 327 2070 retur.
339 2014 465 2071 Truns.
477 2010 570 2072 Nobis
578 2022 656 2070 certe
668 2010 802 2070 omuibus
813 2010 898 2070 valde
907 2009 1030 2091 proheta
1041 2021 1124 2080 sunt,
1135 2013 1306 2094 oscenses,

238 2121 303 2181 qua
319 2102 426 2162 dixisti.
441 2107 596 2164 macras.
607 2104 753 2185 Principio
764 2103 903 2183 agricolas
914 2117 1081 2181 ceterosque
1091 2103 1217 2162 artifices
1229 2121 1247 2160 a
1258 2101 1307 2160 mi-

239 2193 339 2258 litibus
349 2195 555 2274 separavimus.
570 2199 699 2256 anaus.
714 2199 809 2256 Certe.
819 2199 976 2258 Securus
988 2199 1085 2270 Quum
1099 2214 1171 2254 vero
1184 2194 1304 2272 cuique,

238 2287 319 2366 quod
332 2307 388 2368 pro
406 2301 520 2348 nature
532 2287 668 2348 instinctu
682 2289 830 2368 precipue
844 2307 929 2348 suum
945 2300 1004 2361 eet,
1017 2301 1048 2347 et
1061 2287 1177 2365 singule
1194 2299 1305 2346 tannim

237 2381 358 2458 singulis
372 2379 484 2440 artibus
496 2381 592 2448 oflicii
605 2379 811 2454 tribueremus3
823 2382 880 2440 illis
893 2400 1026 2460 quoque,
1039 2399 1114 2459 qnos
1127 2399 1189 2459 pre
1204 2378 1304 2443 ceteris

237 2470 315 2538 bella
327 2491 427 2551 gerere
439 2485 604 2551 oporteret,
619 2473 649 2532 id
664 2491 753 2539 unum
766 2474 933 2547 dumtaxat,
944 2471 1131 2557 protegendae
1144 2471 1255 2532 scilieet
1267 2471 1304 2529 ci·

236 2563 333 2624 vitatis
347 2583 465 2633 munus,
474 2563 665 2642 injunximus,
678 2577 709 2622 et
718 2564 857 2625 adversus
868 2577 1003 2625 externos
1012 2565 1111 2626 hostes
1120 2577 1152 2624 et
1165 2563 1304 2624 adversus

237 2654 314 2714 cives
325 2653 493 2735 reipublice
505 2674 653 2716 eversores
666 2678 674 2714 ε
688 2655 728 2715 ite
740 2669 772 2716 ut
785 2677 853 2736 erga
865 2655 1027 2734 subjectos,
1041 2671 1190 2736 tamquam
1202 2667 1303 2715 natura

238 2745 363 2817 amicos,
379 2743 462 2806 mites
476 2747 546 2834 sinit
561 2760 664 2806 eontra
677 2747 774 2808 hostes
792 2751 908 2809 veroin
925 2749 1026 2828 prelio
1043 2749 1226 2808 ferocissimi.
1247 2753 1301 2808 Τι-

238 2858 326 2898 nnus.
338 2843 383 2898 Ita
394 2857 523 2919 prorsus.
538 2841 697 2899 Socaarns.
713 2840 865 2918 Duplicem
881 2859 950 2900 sane
959 2853 1093 2899 naturam
1105 2841 1136 2898 in
1150 2838 1303 2899 custodum

239 2932 341 2990 animis
354 2951 417 2990 esse
432 2929 539 2990 debere
556 2933 755 3004 tractavimus,
775 2945 805 2990 et
818 2932 985 2992 iracundam
1001 2945 1031 2991 et
1045 2932 1254 3013 philosophico
1266 2933 1302 2990 in

235 3025 320 3103 genio
336 3024 482 3103 precipue
496 3023 743 3084 accommodatam
751 3065 760 3095 ,
769 3037 801 3083 ut
813 3037 892 3084 recte
904 3024 934 3083 in
949 3044 1017 3084 suos
1032 3025 1176 3084 mansueti
1188 3024 1262 3096 sint,
1274 3024 1302 3080 in

236 3117 346 3176 alienos
359 3137 430 3176 vero
445 3117 702 3176 feroces'rnrnus.
710 3118 816 3178 Procul
827 3116 928 3176 dubio.
942 3119 1101 3177 Socaaras.
1113 3114 1195 3190 Quid
1208 3129 1301 3175 antem

234 3207 272 3268 rle
285 3209 456 3274 educatione
468 3207 616 3272 dicemus?
627 3229 723 3273 noune
736 3208 874 3290 gymnicis
885 3206 1142 3274 exercitationibus
1153 3220 1184 3266 et
1196 3207 1300 3272 musica

152 3352 153 3356 ,
235 3301 393 3380 ceterisque
408 3301 576 3368 decentibus
591 3299 748 3382 disciplinis
765 3321 843 3368 cosa
856 3300 940 3362 nobis
958 3301 1106 3363 institutos
1117 3300 1230 3362 luisse?
1245 3303 1298 3359 Tr·

272 3467 298 3518 l.
313 3459 514 3528 conrumpatur..
527 3463 575 3514 ilic
584 3463 658 3512 multa
667 3462 748 3515 daem
791 3463 884 3532 pilton
899 3455 928 3524 dl
943 3463 986 3514 οὐκ
997 3462 1069 3530 1202,
1082 3461 1125 3516 ml
1140 3459 1165 3520 τί
1182 3461 1212 3514 ri
1223 3459 1299 3530 γιγνὲ·

235 3539 360 3589 videntur.
379 3537 454 3604 (Vide
466 3557 512 3591 nor
525 3543 587 3591 infr·
601 3543 633 3594 ad
647 3560 699 3608 cap.
714 3545 748 3604 11,
792 3561 862 3612 pasca
871 3539 930 3611 pir,
941 3539 966 3594 is
977 3535 1007 3594 dl
1017 3537 1152 3604 abdicem
1171 3567 1209 3580 -
1225 3539 1299 3588 Nobis

236 3631 290 3676 twi-
305 3617 339 3684 Ι.)
357 3620 448 3686 Incipit
464 3623 591 3672 OEceronie
613 3624 693 3672 versio
709 3621 748 3674 bis
791 3634 872 3670 antem
881 3620 943 3672 scire
954 3637 1005 3670 nou
1014 3621 1072 3670 licet
1078 3621 1207 3686 quomodo
1217 3621 1298 3670 Cioeau

235 3710 329 3748 uatum
338 3699 423 3748 Timui
434 3699 514 3749 verbis
524 3701 589 3766 apud
600 3703 742 3762 Platonem,
789 3701 895 3750 referens
906 3701 1056 3766 colloquium
1073 3715 1146 3756 mum
1159 3715 1217 3748 cnm
1233 3699 1297 3764 rugi·

234 3775 250 3850 8
277 3795 308 3840 ²7
338 3776 383 3829 flu.
397 3779 484 3828 Timui
510 3779 536 3828 in
560 3779 618 3828 edit.
644 3784 743 3838 Imman,
789 3779 866 3838 dicet
879 3781 1009 3845 Cratippo,
1023 3779 1138 3828 lectorem
1149 3777 1182 3826 ad
1195 3777 1297 3828 i’latonis

233 3857 348 3915 lleldteri,
364 3855 447 3910 Barol.
471 3857 535 3920 1817
558 3857 623 3924 (pag.
639 3857 669 3908 18
683 3859 742 3909 edit.
786 3860 903 3918 Timaeum
917 3857 1123 3914 deduxerit-ln
1142 3857 1247 3906 Platone
1263 3857 1297 3903 Ti-

233 3935 317 4000 Srepb.
333 3937 457 3994 lomna,
481 3935 595 3999 papini
612 3936 651 3984 ed.
669 3935 740 4005 Bip.)
785 3953 860 3988 maeus
883 3937 1046 4004 philosophus
1067 3937 1238 4004 Pythagoreus
1261 3935 1294 3984 lo·

232 4000 288 4072 ilco
308 4009 346 4066 obv
361 4011 394 4072 lii
408 4021 466 4068 κατ’
483 4015 542 4082 ὁμὴν
556 4006 630 4074 dolas
644 4021 740 4084 πρῶτον
784 4014 867 4086 quitur
883 4032 938 4064 cum
958 4018 1073 4074 Socrate,
1094 4017 1255 4062 Hermocnte
1273 4024 1296 4060 et

230 4083 363 4160 draipsat'ca
383 4089 454 4148 scidi·
470 4093 493 4146 τί
517 4092 545 4144 τὸ
570 4089 594 4142 lt
616 4093 659 4162 pls
685 4093 741 4158 dai,
783 4091 867 4144 Crisia.
