2744 4684
238 416 309 505 los
342 455 343 460 κ
587 408 937 480 rnotneonnun

238 535 445 628 spectandam
462 553 548 613 esse,
565 531 621 595 sed
638 546 797 619 quantum
814 529 933 616 cuique
948 527 1057 608 liceat,
1072 526 1169 590 etiam
1186 525 1223 590 in
1240 530 1301 591 mi·
1357 525 1358 530 ’

237 646 333 710 nimis
348 643 462 722 rebus,
477 669 489 692 «ι
506 660 627 726 quum,
645 633 819 724 quidquid,
837 632 964 720 inquit,
982 647 1153 721 peccatur,
1169 649 1301 720 pertur·
1357 733 1358 740 ἵ

236 751 367 814 batione
383 761 534 836 peccetur
560 741 693 805 rationis
716 757 813 828 atque
830 737 969 819 ordinis3
988 737 1175 826 perturbate
1191 755 1298 803 autem

236 853 335 919 semel
351 851 475 916 ratione
491 863 523 912 et
540 847 669 928 ordine,
687 845 768 910 nihil
785 844 887 933 possit
909 841 1001 924 addi,
1019 865 1087 930 quo
1105 844 1210 931 magis
1226 867 1299 932 pec-
1357 899 1358 908 ,

237 960 302 1023 cari
318 977 414 1046 posse
427 952 574 1018 videatur
585 950 632 1040 (1)
643 983 666 1017 ν.

280 1063 475 1128 Pamdoxort
499 1071 648 1148 quartum
668 1056 701 1121 id
720 1055 810 1144 quod
833 1054 1037 1144 propositum
1062 1069 1130 1118 erat
1152 1078 1298 1121 :ommm

128 1165 131 1172 ¹
236 1174 370 1239 stultum
383 1174 541 1248 insanire,
553 1183 621 1230 non
638 1182 702 1230 tam
716 1188 754 1229 ex
777 1166 846 1252 ipse
867 1165 1008 1230 stultitiae
1022 1165 1157 1229 notione
1167 1165 1298 1230 demon·

235 1294 330 1359 strat,
360 1296 457 1364 quem
488 1271 628 1359 aliquem
648 1267 754 1333 Clodii
776 1269 912 1332 similem
936 1267 1172 1352 adversarium,
1201 1295 1297 1360 quem

223 1381 432 1474 'aggreditur‚
449 1379 598 1442 insonum
616 1397 684 1440 esse
702 1375 826 1462 arguit:
843 1374 964 1462 quippe
980 1377 1037 1463 qui
1049 1376 1244 1443 Ciceronem
1258 1403 1298 1444 ne

236 1489 363 1554 civitate
381 1483 514 1572 quidem
530 1482 647 1571 pellere
663 1481 821 1569 potuerit,
839 1481 993 1566 quoniam
1012 1497 1083 1545 tum
1103 1504 1172 1546 non
1191 1485 1297 1550 ciritae

267 1683 306 1752 (r)
326 1682 366 1734 De
376 1678 428 1732 hoc
442 1676 579 1730 Perudoxo
588 1689 614 1730 et
628 1675 780 1747 explicatius
792 1686 817 1727 et
830 1674 992 1746 probabilius
1003 1673 1058 1726 Cic.
1067 1674 1096 1726 h.
1107 1673 1125 1727 l.
1139 1675 1296 1748 disputavit,

180 1795 184 1802 ·
230 1784 311 1839 quem
323 1764 351 1816 in
357 1763 427 1814 libro
435 1759 514 1813 tertio
525 1771 550 1812 et
564 1757 701 1832 quartode
711 1757 828 1811 Finibus.
838 1758 871 1809 Et
884 1756 954 1810 tertii
964 1756 1070 1852 quidem
1082 1757 1144 1810 libri
1154 1776 1180 1810 c.
1195 1778 1237 1824 ro,
1249 1762 1296 1825 34:

232 1874 244 1896 ι
258 1847 316 1900 Hoc
330 1857 417 1898 nutem
433 1844 535 1914 ipsum,
555 1841 620 1894 Cato
639 1841 738 1913 inquit,
758 1841 858 1892 bonum
873 1859 927 1892 non
941 1858 1108 1906 accessione,
1132 1860 1223 1914 neque
1242 1863 1296 1898 cre-
1357 1897 1358 1908 ἢ

116 1973 121 1986 .
229 1929 342 1993 scendo,
356 1939 400 1980 eut
414 1943 474 1979 cum
488 1925 581 1978 ceteris
595 1923 789 1996 comparando,
803 1923 848 1977 sed
863 1923 1008 1994 propriori
1023 1943 1077 1976 sun.
1088 1935 1113 1977 et
1127 1925 1258 1981 sentimus
1270 1941 1296 1981 et
1357 1941 1358 1956 ¹

230 2013 393 2085 appellemus
404 2011 531 2063 bonum...
551 2019 575 2060 et
588 2007 816 2080 quemadmodum
831 2007 1118 2078 opportunitae(c.14,
1135 2014 1187 2077 45)
1198 2031 1254 2064 nou
1267 2012 1296 2065 lit

228 2098 315 2166 major
324 2093 499 2166 productione
509 2091 718 2162 temporis,sic...
731 2091 818 2163 ipsum
829 2091 928 2144 bonum
937 2129 945 2154 ,
953 2091 1025 2163 quud
1035 2093 1063 2145 in
1074 2112 1107 2146 eo
1116 2096 1295 2166 positumeet,
1357 2159 1358 2162 Ἴ

229 2189 259 2232 ut
270 2190 370 2230 nature
383 2176 544 2236 consentiet,
558 2173 694 2229 crescendi
705 2175 880 2228 accessionem
893 2175 992 2227 nullam
1007 2175 1116 2230 hebet..
1127 2178 1181 2232 Sed
1198 2198 1293 2250 quam·

231 2281 312 2336 quam
333 2272 429 2332 negent
451 2263 493 2326 (c.
512 2260 554 2323 15,
566 2261 616 2326 48)
643 2279 693 2312 nec
716 2259 843 2319 virtutes,
863 2277 912 2311 nec
939 2259 1001 2310 ritis
1022 2279 1141 2313 crescere
1156 2283 1164 2314 ε
1181 2275 1294 2316 attamen
1357 2257 1358 2270 ¹

229 2355 372 2416 utrumque
383 2361 475 2395 eorum
489 2341 566 2395 fundi
578 2341 693 2413 quodam
703 2341 801 2406 modo,
815 2352 840 2394 et
854 2342 930 2412 qussi
940 2341 1044 2394 dilaturi
1058 2355 1181 2414 piuant».
1197 2345 1294 2399 Nostro

230 2439 319 2479 autem
339 2427 418 2486 loco,
437 2437 559 2496 suscepto
580 2424 727 2477 Stoicorum
749 2425 907 2494 patrocinio,
924 2425 1026 2478 acutius
1047 2437 1072 2480 et
1090 2427 1197 2491 retius,
1214 2445 1294 2500 qum
1357 2433 1358 2484 l

229 2510 315 2574 Ceto,
331 2527 438 2562 causam
458 2507 580 2578 exponit,
593 2526 641 2558 cur
657 2525 710 2560 non
725 2509 824 2579 possint
842 2526 965 2561 nonense
977 2508 1044 2561 vitiu
1059 2509 1150 2579 paris,
1165 2512 1238 2582 quod
1253 2530 1293 2584 pe

229 2593 293 2648 riter
304 2611 358 2645 non
368 2592 526 2663 licest,quer
539 2609 592 2642 uon
604 2603 674 2643 recte
687 2589 739 2644 sint
747 2632 754 2656 ‚
762 2593 935 2654 committere;
945 2591 1053 2645 honeste
1062 2612 1123 2645 vero
1137 2613 1191 2647 non
1203 2614 1292 2648 rerum

228 2689 342 2740 eventu,
357 2674 403 2730 sed
416 2675 485 2728 vitiis
498 2673 629 2727 metienda
643 2687 752 2738 esse,ut
767 2675 833 2728 cno
845 2676 881 2727 ait
890 2675 923 2728 de
939 2675 995 2727 Fin.
1006 2675 1060 2738 111,
1075 2695 1102 2744 9,
1115 2678 1164 2738 32,
1177 2697 1223 2745 ea,
1234 2699 1292 2752 que
1357 2693 1358 2740 l

230 2760 435 2834 proficiscantur
448 2777 463 2811 a
478 2758 586 2822 virtute,
599 2757 764 2830 susceptione
777 2758 881 2830 prima,
898 2777 951 2811 nou
963 2759 1136 2830 perfectione,
1156 2777 1294 2817 rectumst
1357 2761 1358 2812 l

226 2843 381 2917 judicando.
403 2841 534 2894 Nimirum
554 2854 682 2914 quatenus
701 2843 754 2895 hoc
774 2843 927 2914 paradoxon
944 2843 1001 2896 istis
1020 2861 1080 2897 cum
1098 2844 1225 2900 brevibus
1246 2865 1291 2900 seu
1357 2855 1358 2912 l

228 2927 395 2982 consectariis
406 2963 415 2990 ,
428 2925 455 2978 in
474 2925 564 2996 primis
575 2935 643 2980 cum'
652 2926 751 2988 altero,
767 2936 805 2978 est
816 2929 986 2998 conjunctum
1000 2946 1048 2988 ,ex
1062 2945 1094 2979 eo
1104 2967 1112 2992 ‚
1124 2927 1198 2998 quod
1212 2929 1289 2984 senet

227 2997 401 3064 consiitutum
418 3007 451 3061 sit
468 3008 576 3072 Stoicis,
594 3008 646 3060 hoc
663 3008 741 3062 etiam
757 3006 857 3080 judicat
873 3009 946 3081 sequi
961 3010 1116 3065 necessario.
1136 3012 1189 3065 Sed
1208 3025 1289 3066 temen

222 3108 328 3162 meato
344 3112 392 3144 esse
401 3095 478 3160 parit
491 3091 568 3146 etium
583 3104 678 3164 quarto
689 3093 758 3145 libro
771 3091 805 3144 de
818 3092 875 3146 Flu.
893 3112 951 3164 cap.
964 3111 1006 3163 27,
1020 3093 1114 3148 meluit
1125 3097 1192 3168 poni
1206 3097 1233 3150 in
1250 3099 1291 3151 ed·
1357 3165 1358 3168 Ἴ

226 3177 405 3230 mirabilibus.
415 3177 501 3247 Atque
514 3175 623 3239 similis,
634 3175 729 3247 quibus
738 3176 819 3228 Stoici
830 3190 939 3247 peccata
953 3193 1008 3230 esse
1020 3177 1092 3249 paria
1103 3194 1217 3252 arguent
1225 3221 1234 3245 ,
1242 3181 1290 3234 dir·

224 3259 320 3314 similis
333 3260 442 3314 sitense.
455 3285 467 3308 ι
478 3260 529 3313 llic
544 3259 685 3332 ambiguo,
705 3259 792 3332 inquit¹
805 3261 819 3327 §
837 3261 884 3328 75,
905 3259 1030 3314 ludimur.
1045 3265 1133 3332 AEque
1146 3263 1220 3316 enim
1231 3283 1289 3318 con·

224 3343 302 3413 tingit
315 3344 439 3396 omnibus
452 3343 549 3396 fidibus
559 3384 567 3410 ‚
576 3355 606 3396 ut
617 3343 776 3396 incontentae
789 3343 840 3396 sint
853 3361 859 3395 :
874 3342 939 3396 illud
952 3363 1005 3396 nou
1018 3346 1163 3414 continuo,
1174 3361 1205 3400 ut
1219 3367 1289 3422 oque

225 3425 393 3478 incontentae.
403 3450 416 3472 n
430 3425 623 3480 Gubernatoris
636 3439 723 3480 eutem
736 3465 744 3490 ‚
757 3444 839 3499 quum
854 3426 879 3478 in
894 3428 956 3480 nevi
970 3427 1145 3500 gubernendo
1163 3432 1249 3496 nihil,
1262 3434 1288 3486 in
1357 3479 1358 3486 ,

225 3505 316 3560 cilicio
332 3505 476 3577 plurimum
494 3508 610 3570 intersit,
631 3509 724 3581 quoin
738 3529 832 3582 genere
845 3525 983 3582 peccetur,
1004 3513 1025 3564 si
1039 3513 1067 3565 in
1084 3519 1140 3586 ipse
1158 3517 1287 3589 guberne·
1357 3525 1358 3532 ’

224 3590 296 3642 tione
309 3589 465 3660 negligentis
481 3605 520 3645 eet
539 3594 613 3647 nevis
626 3612 731 3659 eversu,
750 3599 834 3668 majus
847 3615 902 3649 esse
916 3608 1053 3667 peccatum
1066 3597 1094 3649 in
1107 3617 1190 3663 euro,
1211 3620 1287 3672 quem
1357 3591 1358 3658 f

224 3671 253 3726 iu
266 3671 342 3743 palea
355 3689 362 3724 :
378 3671 506 3737 similiter,
519 3676 583 3746 quid
599 3676 668 3730 iuter
681 3689 816 3748 parentem
828 3691 854 3731 et
868 3680 1001 3732 servulum
1015 3681 1127 3747 intersit,
1142 3683 1253 3757 intelligi
1264 3697 1287 3738 et
1357 3705 1358 3744 ;

223 3773 301 3824 posse
311 3763 338 3806 et
347 3751 451 3808 debere.
468 3756 586 3830 Denique
598 3759 650 3812 hoc
660 3779 715 3812 uno
725 3761 790 3814 vitio
799 3761 862 3814 dicit
875 3762 986 3816 maxime
998 3764 1081 3836 premi
1095 3764 1210 3832 Stoicos,
1218 3767 1286 3841 quod
1357 3809 1358 3814 ,

224 3836 305 3890 iidem
316 3835 418 3899 dicent,
432 3837 505 3908 quod
518 3841 656 3895 honestum
670 3845 802 3908 sit,soleun
815 3844 842 3898 id
853 3846 954 3898 bonum
966 3865 1036 3914 esse,
1049 3849 1096 3920 qui
1105 3848 1199 3905 dicant
1210 3871 1288 3924 eppe-
1357 3881 1358 3894 r

224 3920 345 3972 titionem
358 3939 448 3972 rerum
461 3919 496 3974 ad
513 3921 656 3979 vivendum
667 3928 926 3981 accommodatarum
939 3940 1055 3984 enatura
1066 3933 1224 4002 prolectam·
1237 3933 1286 3986 flu
1357 3927 1358 3984 i

222 4004 293 4054 euim
308 4004 386 4055 resin
402 4007 541 4066 smerdis,
554 4025 609 4058 non
618 4008 644 4060 iu
657 4013 726 4061 bouis
738 4010 829 4064 heberi
845 4012 927 4065 Stoici
940 4015 1088 4068 volucrunt.
1101 4015 1194 4081 Quare
1203 4017 1285 4084 (ibid.
1357 4015 1358 4054 l

223 4102 246 4137 e.
262 4093 305 4148 24,
314 4085 366 4154 68)
378 4085 458 4137 linem
473 4085 606 4141 mirorum
620 4091 656 4144 eie
674 4093 834 4148 mutandum
849 4113 912 4148 esse.
926 4097 1048 4150 Ceterum
1062 4117 1125 4152 cnm
1139 4101 1193 4154 hoc
1206 4101 1284 4156 Pera·
1357 4091 1358 4102 ¹

222 4165 292 4220 doxo
304 4185 455 4240 comparare
462 4169 566 4242 juvebit
574 4170 666 4227 Horat.
675 4173 760 4230 serm.
770 4178 783 4228 1
792 4213 801 4243 ,
810 4177 840 4244 3,
854 4179 880 4230 in
891 4178 982 4251 primis
995 4199 1074 4237 versu
1085 4181 1117 4250 75
1130 4200 1208 4255 seqq.
