2716 4686
262 387 300 454 r.
326 384 566 458 stannus
592 385 876 456 scansuros.
1060 380 1107 482 95

52 507 151 572 licitu.
168 507 280 594 Atque
295 506 362 596 huc
385 528 491 595 usque
511 505 821 570 commentationem
840 503 925 569 hanc
947 504 1110 573 deducere

50 615 292 680 decreveramus.
310 615 408 680 Nunc
422 637 501 678 vero
519 615 676 704 quoniam
691 615 733 678 ita
750 635 883 680 omnem
902 616 969 680 iere
983 615 1025 682 de
1038 617 1111 681 Cri-

53 723 122 786 ten'o
139 721 309 786 historiam
328 719 517 784 absolutum
540 719 579 784 iri
596 719 836 803 existimamus,
857 721 1112 808 Cyrenaicorum

52 844 79 891 et
89 828 216 916 Epicuri
231 825 397 891 decadem
410 825 590 914 questione
604 827 798 909 sententias,
813 826 947 892 auctarii
961 831 1112 910 nomine,

51 933 213 1024 adjungere
230 934 346 1022 placet.

378 1133 398 1209 S
420 1125 493 1193 vlt.
523 1126 572 1191 De
589 1123 777 1212 Cyrenaicis.

88 1319 136 1410 75.
152 1321 357 1410 Aristippus,
368 1321 560 1411 Cyrenaeus,
572 1317 712 1384 Socratis
726 1319 911 1401 familiaris,
927 1320 995 1402 ejus
1004 1319 1115 1388 factio·

52 1426 93 1490 nis
109 1443 206 1517 caput
233 1426 314 1511 fuit,
341 1451 413 1517 quae
437 1426 556 1492 abillo
584 1426 759 1514 Cyrenaica
783 1443 1004 1515 nuncupatur.
1028 1429 1115 1512 Hie,

53 1535 209 1624 ipsiusque
225 1551 416 1618 sectatores,
431 1535 605 1602 Criterium
617 1535 760 1600 resimis
772 1542 806 1596 τὰ
814 1547 882 1602 πόθι
898 1533 1067 1620 dixerunt,
1080 1535 1116 1602 id

53 1657 109 1724 est,
128 1645 288 1706 inten'ores
304 1640 489 1732 affectiones
506 1658 540 1708 et
547 1647 788 1734 permotionem
814 1639 855 1708 de
877 1641 1002 1729 quibus
1019 1644 1115 1728 solis,

52 1768 127 1824 onon
137 1771 227 1832 amr,
247 1749 340 1814 liceat
356 1748 570 1840 pronuntiare
586 1771 595 1814 t
612 1748 654 1814 de
669 1749 815 1828 iissem,
831 1769 904 1835 quae
916 1764 1006 1814 extra
1017 1763 1114 1832 sunt,

52 1853 156 1938 rebus,
181 1856 243 1920 etsi
260 1855 450 1922 affectiones
468 1857 553 1947 ipsas
572 1855 667 1922 nobis
684 1855 882 1936 immittunt,
894 1875 1021 1944 nosque
1043 1879 1119 1944 pen·

54 1977 193 2042 notent,
209 1977 319 2028 tamen
338 1979 480 2028 statuere
500 1985 568 2026 non
587 1984 700 2052 posse,
718 1975 934 2049 praeterquam
955 1983 1044 2038 Qnon
1062 1983 1117 2028 tra

52 2087 241 2134 nnmrnn.
260 2069 374 2152 Quum
395 2069 484 2135 enim
504 2069 568 2134 alio
586 2068 687 2134 modo
704 2067 824 2134 endem
845 2089 897 2132 res
916 2067 997 2132 alios
1019 2083 1119 2158 atque
1159 2119 1161 2124 ,

53 2170 121 2236 alios
135 2172 297 2258 afficiant,
326 2196 388 2240 nec
412 2197 590 2240 commune
612 2173 694 2263 quid
722 2175 784 2258 sit,
808 2195 875 2262 quo
899 2172 1117 2255 judicentur:

54 2277 151 2342 omnia
171 2278 309 2366 quidem
334 2281 491 2346 exteriora
517 2303 587 2346 esse
607 2291 795 2357 aaronitas,
813 2278 848 2345 id
863 2294 930 2361 est,
945 2282 1119 2370 incompre-

54 2381 207 2448 tensibilia
213 2411 227 2466 ;
250 2385 421 2472 interiora,
436 2387 552 2470 idest,
570 2387 783 2469 affectiones,
809 2385 1055 2475 comprehendi.
1069 2387 1118 2452 lta

55 2509 145 2574 quum
159 2491 233 2580 quis
246 2493 413 2580 voluptate
427 2509 485 2558 aut
499 2492 612 2558 dolore
627 2491 804 2574 afficiatur,
826 2489 977 2558 delectari
991 2515 1026 2558 se
1035 2539 1046 2576 ,
1061 2509 1118 2558 aut

54 2592 169 2673 dolere,
183 2596 273 2660 haud
288 2596 388 2662 dubie
401 2600 504 2686 possit
519 2599 679 2664 affirmare
699 2621 707 2663 :
727 2598 811 2662 sitne
826 2597 880 2662 illa
898 2620 949 2662 res
969 2621 1042 2687 qum
1065 2622 1122 2664 vo·

55 2698 198 2788 luptatem
216 2701 419 2786 conciliavit,
446 2706 573 2789 suavis3
596 2721 670 2787 aut,
695 2727 768 2792 quas
798 2701 946 2768 dolorem
971 2704 1121 2793 peperit,

55 2808 198 2890 molesta,
228 2822 371 2872 statuere
403 2825 554 2896 nequeat.
577 2808 731 2874 Similiter
752 2830 855 2896 quum
880 2807 944 2873 albi
973 2809 1121 2898 species,

56 2909 203 2996 dulcisve,
229 2929 288 2978 aut
304 2912 418 2996 odori,
437 2931 661 2980 ceterorumve
683 2915 790 3003 aliqua
819 2937 951 2980 sensum
975 2917 1068 3001 ferit,
1092 2918 1122 2982 is

56 3019 106 3104 qui
119 3019 168 3086 illa
177 3021 400 3086 commotione
413 3022 617 3112 percellitur,
631 3021 713 3106 albi,
728 3019 849 3104 duleis,
865 3043 902 3086 ac
914 3022 1008 3087 odori
1020 3045 1120 3090 sensu
1151 3062 1162 3072 α

56 3122 129 3192 affici
147 3149 181 3192 se
196 3126 358 3210 affirmet,
378 3129 475 3194 licet:
494 3127 527 3193 id
545 3130 632 3196 enim
648 3151 762 3194 verum
779 3143 848 3209 est,
860 3142 894 3196 et
909 3127 954 3192 illi
973 3149 1123 3218 comper·

56 3243 128 3296 tum.
145 3233 269 3299 Verum
290 3233 460 3317 albumne,
488 3235 666 3324 dulceque,
691 3250 724 3298 et
741 3231 882 3298 odorum
901 3234 942 3298 sit
957 3233 1014 3316 id,
1029 3237 1121 3324 quod

56 3335 152 3422 ipsum
169 3341 327 3429 perculit,
341 3363 384 3406 ne
394 3341 563 3427 decernat,
583 3365 686 3432 quum
704 3363 764 3406 nee
778 3340 1044 3428 comprehendat.
1056 3345 1122 3434 Igi-

59 3457 107 3506 tur
120 3469 220 3534 quum
238 3447 429 3513 affectiones
446 3465 480 3516 et
503 3472 538 3514 se
554 3466 587 3514 et
606 3448 641 3513 id
658 3472 678 3513 a
703 3469 771 3536 quo
788 3445 994 3530 efficiuntur,
1011 3467 1122 3516 osten·

58 3545 146 3634 dant,
165 3551 204 3618 de
230 3574 265 3618 se
287 3553 421 3641 quidem
444 3555 521 3645 ipsis
546 3579 614 3620 non
643 3554 867 3636 mentiuntur,
898 3577 1008 3618 rerum
1033 3573 1121 3622 extra

59 3657 226 3739 positarum
241 3681 310 3723 non
327 3681 455 3724 veraces
469 3662 574 3726 nuntii
582 3676 669 3726 sunt.
680 3661 796 3724 Cicero
807 3657 854 3749 (1)
869 3682 877 3724 :
892 3659 1010 3725 «Aliud
1021 3660 1122 3748 [judi-

59 3759 159 3850 cium]
176 3765 445 3854 Cyrenaicorum,
464 3769 521 3855 qui
535 3783 651 3857 praeter
662 3766 884 3856 permotiones
897 3765 1027 3831 intimas
1041 3768 1122 3831 nihil

59 3881 249 3949 potestesse
264 3869 380 3951 judicii
394 3903 418 3938 ι.
436 3873 479 3938 Et
495 3871 558 3939 alio
583 3874 618 3938 in
635 3873 707 3937 loco
724 3869 771 3960 (a)
787 3894 795 3936 τ
815 3871 932 3955 «Quid
948 3874 1093 3961 Cyrenaei
1107 3872 1123 3935 Ρ

94 4053 129 4116 (t)
146 4057 172 4104 ln
185 4057 304 4118 Lucullo,
319 4075 374 4124 etp·
389 4062 430 4116 ffi-

95 4145 132 4212 (a)
148 4143 209 4198 lbid.
221 4162 277 4210 cap.
293 4154 339 4204 af·
