2762 4682
239 389 306 460 116
568 339 963 465 ARGUMENTUM.

271 525 388 592 pentem
401 525 579 591 sequeretur,
592 515 671 574 hunc
684 528 780 576 tamen
797 536 857 596 prae
873 513 990 594 reliquis
1003 513 1187 594 philosophis
1201 517 1291 576 omni-

242 669 245 676 ,
270 609 326 667 bue
340 629 401 668 esse
417 610 598 672 admiratum.

310 704 345 766 lu
365 710 411 778 hie
426 709 522 768 deficit
541 707 610 766 libri
625 713 640 768 I
657 710 858 788 fragmentum.
874 709 1081 770 Desiderantur
1096 711 1207 783 omnia,
1228 709 1292 787 qui-

270 807 337 878 bus,
349 807 451 868 eodem
465 808 606 866 Cicerone
622 806 787 878 disserente,
799 807 953 868 Carneadis
963 807 1148 886 Philonicque
1158 807 1293 876 rationes,

268 899 428 964 uberius'et
439 903 574 963 subtilius
588 903 689 962 eadem
701 905 755 963 ieta
769 905 935 978 fulcientes,
947 904 1175 984 explicabantur.
1187 903 1295 963 addin

269 1001 345 1060 forte
356 1001 442 1060 etiam
455 999 551 1060 brevis
565 1020 619 1078 per
631 1006 793 1060 Varronem
804 1014 867 1060 erat
877 1001 1045 1062 Antiocheae
1056 1002 1205 1060 sententie
1221 1000 1296 1060 deli—

269 1098 429 1179 neatio(1):
442 1099 482 1156 ita
489 1111 567 1156 certe
574 1097 630 1156 hoc
637 1097 751 1157 inlibrc
760 1099 845 1176 plena
855 1099 941 1157 totius
948 1098 1110 1158 Academiae
1116 1099 1199 1176 quasi
1206 1097 1296 1156 histo·

268 1200 311 1257 ria
322 1209 456 1278 pertexta
470 1196 561 1268 foret,
582 1196 662 1274 quod
676 1211 824 1256 auctorem
838 1199 978 1270 voluisse,
994 1195 1112 1273 verba§
1131 1205 1181 1268 τά,
1205 1209 1296 1254 totam

266 1308 392 1352 aetcrem
398 1295 600 1362 Academiam,
615 1314 635 1350 a
645 1313 704 1371 qua
717 1295 817 1351 absum
833 1309 893 1351 tam
901 1297 971 1363 diu,
986 1296 1132 1364 renovari,
1148 1291 1297 1352 subnuere

266 1391 412 1450 uidentur.
425 1395 470 1449 Dc
480 1389 674 1467 reliquorum,
685 1389 737 1468 qui
745 1389 956 1464 desiderantur,
967 1390 1109 1450 librorum
1123 1404 1297 1469 argumento

267 1489 438 1546 sententiam
461 1487 700 1566 qualemcumque
722 1502 851 1548 noatmm
873 1489 904 1547 in
923 1488 1142 1550 Introductiune
1161 1489 1262 1569 (parte
1282 1493 1297 1548 1

267 1583 329 1661 huj.
341 1581 422 1662 edit)
436 1584 611 1662 aperuimus.
625 1590 716 1644 Gonu.

298 1771 339 1840 (1)
355 1775 443 1822 Omni:
456 1788 511 1838 que
523 1773 556 1840 ad
571 1772 736 1834 Carneedem,
753 1773 893 1832 Philonem,
906 1727 1070 1832 Antlochum,
1083 1775 1182 1823 etalio·
1200 1767 1299 1824 Acade'-

263 1861 340 1910 mico·
349 1861 487 1926 pertinent,
499 1862 556 1908 satie
569 1861 622 1909 fuce
635 1872 736 1910 tractata
747 1863 854 1926 reperies
866 1877 956 1925 cupra,
972 1857 1000 1908 in
1016 1862 1210 1912 Introductionie
1229 1873 1298 1928 parte

264 1948 368 1998 secunde
376 1982 385 2009 ,
394 1950 548 1999 evitentur
558 1948 696 2014 Academs
705 1952 728 1998 V
740 1960 764 1998 et
773 1951 826 2012 VI,
838 1966 864 2014 p.
878 1951 928 2010 tt,
948 1949 997 2010 86,
1012 1959 1059 2000 etc.
