2724 4690
380 390 768 460 ARGUMENTUM.
1034 388 1104 459 213

72 511 150 568 nulla
163 510 228 568 visa
241 507 300 568 sint
312 509 484 588 probabilia,
498 513 555 572 alia
564 513 688 584 ratione,
702 531 767 590 quae
778 511 847 570 falsa
861 511 935 582 sint,
950 512 1042 589 quaeri
1056 511 1104 570 de·

73 605 152 664 bere.
172 611 214 664 At
234 605 260 664 si
279 605 445 685 probabilia
457 630 526 669 vere
543 611 619 683 sint3
633 629 718 689 posse
734 611 820 668 etiam
840 627 902 667 esse
914 653 921 682 ,
935 628 1000 686 quae
1019 615 1105 682 (vera

73 704 183 762 lalsane
198 703 278 782 sint)
292 703 410 764 difficile
426 707 631 788 dignoscantur
650 729 658 764 ε
678 725 763 787 posse
780 725 856 778 esse,
881 725 946 784 quae
958 695 1045 784 plane
1062 706 1106 764 di·

73 800 174 878 gnosci
198 813 368 879 nequeant,
387 800 476 882 idque
489 804 632 877 maxime,
657 823 748 881 quum
762 803 910 861 Antiochii
923 821 989 860 cum
1002 802 1106 862 Stoicis

73 899 394 978 statuant,sapientem
411 900 440 958 in
449 901 593 959 luroreab
609 899 687 958 omni
697 919 814 960 assensu
826 898 982 969 abstinero;
997 898 1107 978 qnippe

73 996 123 1073 qni
132 995 190 1054 hac
202 995 234 1053 in
245 995 412 1054 conditione
425 997 600 1076 distinguere
609 1017 678 1056 vera
693 995 753 1056 visa
767 1016 783 1054 a
798 996 875 1056 falsis
884 1008 1019 1074 nequeat,
1030 1001 1045 1067 s
1058 996 1106 1063 48.

112 1095 225 1151 Contra
242 1091 307 1150 haec
326 1092 420 1152 omnis
438 1094 550 1170 generis
568 1093 630 1152 risa
650 1093 749 1152 inania
768 1092 966 1165 Antiochum,
991 1104 1107 1170 sumpto

72 1188 131 1246 diei
145 1187 262 1267 spatio,
278 1189 370 1247 multa
382 1187 545 1268 disputasse
559 1209 704 1268 :quorum
718 1190 776 1248 hoc
791 1189 856 1248 loco
873 1188 1056 1248 solummodo
1063 1209 1109 1247 ca-

73 1285 132 1362 pita
140 1298 304 1360 ponuntur.
315 1287 447 1345 Primum
459 1287 650 1366 reprehendi,
663 1286 744 1365 quod
753 1288 799 1345 isti
808 1287 911 1345 Soritis
923 1299 1056 1358 utantur,
1071 1306 1107 1344 en

72 1383 269 1441 conclusionis
282 1403 402 1462 genere,
415 1404 475 1462 quo
492 1386 575 1444 facile
589 1384 658 1444 vitia
671 1397 813 1463 tegantur.
827 1383 886 1444 Sed
899 1384 1043 1443 neminem
1055 1385 1107 1463 (ex

73 1478 168 1555 primo
181 1479 301 1537 illorum
315 1481 503 1559 argumento)
521 1480 673 1551 daturum,
701 1479 796 1538 onmia
812 1478 899 1538 deum
912 1499 1011 1559 posse3
1040 1494 1108 1550 aut,

72 1577 95 1632 si
110 1577 214 1654 possit,
230 1576 384 1636 facturum.
398 1582 491 1636 Pravc
506 1579 592 1636 etiam
606 1577 695 1647 sumi,
711 1591 858 1655 tamquam
874 1596 910 1634 ex
925 1577 967 1634 rei
979 1577 1108 1636 similitu-

73 1671 140 1730 dine
152 1686 309 1750 sequatur,
334 1686 367 1732 ut
387 1693 420 1732 ea
434 1693 478 1732 res
493 1695 559 1733 curn
573 1674 663 1732 altera
678 1687 825 1752 postremo
839 1671 877 1732 sit
891 1671 1001 1730 eadem.
1015 1674 1064 1733 Sic
1082 1693 1107 1734 ν.

72 1791 97 1827 c.
111 1770 173 1848 lupi
188 1789 256 1828 cnm
271 1770 392 1828 canibus
405 1769 493 1829 iidem
510 1770 626 1830 dicendi
641 1771 747 1829 forent.
760 1772 808 1828 Sic
823 1769 869 1826 vel
883 1769 1006 1828 honesta
1021 1783 1051 1827 et
1061 1769 1107 1826 iu-

73 1868 196 1926 honesta
211 1881 284 1941 etc,
298 1867 399 1926 eadem
414 1871 509 1928 locent
519 1913 528 1942 ,
539 1855 634 1948 'quum
647 1867 778 1947 quaedam
792 1868 867 1926 inter
877 1867 938 1926 haec
947 1865 1107 1926 similitudo

72 1965 243 2024 intercedat.
256 1965 380 2024 ltaadeo
388 1986 425 2025 ne
436 1967 627 2046 repugnantia
638 1965 755 2044 quidem
768 1964 892 2024 discerni
901 1984 1001 2043 posse,
1017 1985 1108 2043 quum

72 2063 149 2122 nulla
174 2063 313 2121 similium
336 2063 604 2122 transferendorum
625 2064 699 2122 ratio
719 2062 818 2132 detur,
845 2068 861 2134 ς
877 2071 935 2139 149,
964 2062 1010 2120 50.
1035 2067 1107 2136 Quae

73 2158 180 2218 deinde
194 2160 236 2218 illi
251 2179 289 2218 ex
303 2159 370 2218 visis
387 2157 523 2220 inanibus
538 2170 790 2238 argumententur,
807 2178 841 2218 ea
855 2177 913 2216 una
927 2159 981 2217 hac
995 2159 1107 2217 ratione

73 2255 216 2333 redargui.
240 2256 479 2335 Perspicuitatem
493 2257 539 2316 his
554 2257 691 2315 omnibns
706 2255 805 2315 adesse
818 2256 946 2330 nullam,
968 2257 1108 2336 facileque

73 2353 148 2410 inter
160 2353 458 2432 perspicuaetinania
472 2353 625 2412 discrimen
640 2353 745 2411 sentire
760 2371 840 2425 eum,
855 2352 907 2430 qui
918 2373 954 2411 ex
966 2351 1109 2430 ejusmodi

73 2449 138 2508 visis
154 2449 192 2507 ad
211 2469 242 2508 se
258 2449 392 2524 redierit,
408 2457 423 2524 s
439 2451 490 2523 51,
506 2451 554 2509 bn.
569 2449 657 2524 Quod
672 2463 768 2509 antem
782 2450 829 2508 vel
842 2450 937 2529 ipsum
950 2450 1106 2528 sapientem

72 2548 101 2603 in
112 2547 214 2604 furore
222 2567 370 2606 assensum
384 2550 509 2607 retinere
520 2546 629 2621 dicant;
637 2547 668 2606 id
679 2548 748 2605 item
761 2545 798 2605 ab
813 2566 849 2605 eo
864 2566 940 2624 saepe
948 2547 1010 2603 lieri
1020 2547 1108 2606 sensi·

72 2643 124 2703 bus
131 2644 287 2722 languidis,
301 2646 369 2704 visis
378 2645 606 2718 obscurioribus,
623 2658 754 2723 tempore
769 2643 806 2702 ad
815 2642 1052 2723 perspiciendum
1061 2644 1104 2700 ni·

73 2743 290 2802 miscoarctato.
304 2744 365 2801 Etsi
372 2743 545 2822 hocipsnm,
557 2743 716 2822 sapientem
726 2759 945 2818 nonnumquam
955 2759 1101 2798 assensum

73 2838 223 2908 sustinere,
237 2852 340 2897 eontra
346 2839 426 2917 ipsos
435 2841 472 2898 sit
487 2861 494 2896 :
506 2857 613 2917 quum,
625 2838 650 2896 si
662 2840 739 2896 inter
750 2837 811 2895 visa
819 2855 898 2910 vera,
912 2849 942 2894 et
953 2835 1023 2894 falsa
1033 2834 1105 2893 nihil

73 2937 214 3005 differret,
226 2937 276 2995 ille
288 2937 369 2995 hunc
377 2937 424 2996 vel
432 2955 547 3014 semper
555 2935 698 2994 sustinere
709 2945 868 3002 teneretur,
881 2932 927 2991 vel
937 2951 1105 3008 numquam.

73 3035 125 3093 Sed
139 3053 249 3113 cupere
264 3053 315 3093 eos
329 3035 445 3093 levitate
458 3053 510 3093 sua
523 3035 644 3092 miscere
656 3033 769 3101 omnia,
797 3037 812 3103 s
828 3029 874 3088 53.
890 3034 934 3089 Ne
951 3029 1025 3086 illud
1036 3029 1103 3106 qui-

73 3131 136 3189 dcm
148 3151 200 3190 eos
212 3131 328 3203 videre,
342 3131 439 3189 omnia
451 3132 492 3189 sic
509 3150 582 3208 vaga
596 3142 626 3188 et
636 3129 746 3186 incerta
758 3125 858 3197 reddi;
873 3125 941 3184 licet
955 3123 987 3182 id
1002 3124 1104 3184 nolint.

72 3227 189 3288 sienim
207 3227 271 3286 visa
285 3227 363 3299 sani,
378 3241 407 3286 et
420 3227 513 3286 insani
527 3224 598 3286 nihil
614 3224 769 3297 disserant,
785 3222 929 3282 neminem
945 3220 982 3280 de
995 3240 1047 3280 sua
1061 3241 1106 3280 sa-

74 3327 160 3383 nitate
172 3338 285 3382 certum
298 3343 359 3382 esse
373 3343 467 3403 posse.
484 3318 573 3398 Quod
587 3334 682 3380 autern
694 3317 896 3379 similitudines
908 3316 1106 3395 geminorum,

73 3435 123 3479 ctc.
145 3432 288 3499 urgeant,
306 3421 458 3499 pueriliter
471 3439 521 3478 eos
539 3419 649 3490 lacere,
669 3435 760 3495 quum
776 3435 837 3473 non
852 3426 991 3492 negetur,
1015 3415 1105 3474 multa

74 3519 146 3577 inter
157 3537 191 3577 se
203 3537 267 3576 esse
281 3518 384 3576 similia
400 3539 407 3574 ε
425 3515 513 3575 modo
528 3535 566 3574 ne
580 3526 728 3586 statuant,
745 3511 825 3591 quod
841 3531 897 3590 per
907 3530 1005 3569 rerum
1018 3525 1104 3572 natu-

74 3635 130 3674 rarn
142 3635 203 3675 non
215 3615 315 3686 liceat,
329 3633 389 3672 non
399 3614 505 3691 cuique
515 3611 557 3671 rei
568 3631 649 3670 suam
658 3610 809 3690 propriam
820 3620 953 3666 naturam
963 3627 1040 3682 esse,
1054 3609 1103 3668 sed

75 3713 193 3791 reperiri
204 3713 283 3771 inter
297 3711 385 3783 duas,
398 3711 556 3790 pluresque
568 3727 615 3767 res
629 3705 863 3766 communitatem
878 3705 958 3764 nulla
969 3725 1002 3762 re
1016 3705 1104 3763 dille-

76 3823 199 3883 rentem,
224 3815 239 3881 S
258 3809 295 3878 54
316 3810 407 3886 (quas
425 3809 485 3886 jam
500 3807 689 3876 refelluntur,
713 3809 831 3881 usques
848 3803 902 3880 59,
919 3821 953 3861 ea
970 3802 1104 3860 hesterno

75 3904 118 3964 die
132 3906 299 3985 disputaret
313 3905 434 3976 Cicero,
449 3905 485 3962 ol.
504 3909 519 3975 s
533 3923 571 3981 79
587 3925 594 3960 ε
609 3900 677 3960 inde
688 3899 725 3958 ad
739 3899 817 3959 hunc
829 3899 923 3958 solum
930 3916 1025 3958 sermo
1036 3896 1105 3982 diri·

75 4001 180 4080 gintr);
198 4000 323 4061 concedi
339 4019 395 4058 ova
409 4019 552 4073 ovorum,
575 4017 644 4078 apes
658 3997 777 4075 apinm,
793 3997 862 4056 item
876 3994 1019 4076 geminos,
1044 4009 1106 4050 esse

76 4099 249 4171 simillimos3
275 4098 349 4157 nihil
367 4097 456 4176 igitur
472 4117 555 4172 esse,
577 4116 630 4156 cur
648 4095 697 4155 hic
710 4109 839 4176 pugnet:
858 4091 989 4152 sulficere
1005 4087 1061 4148 hoc
1078 4089 1106 4147 ei
