2724 4690
374 379 428 448 IN
456 377 758 450 LUCULLUM.
1030 379 1101 454 205

46 515 136 580 certe,
148 494 300 562 eamdem
317 518 386 560 rem
402 499 505 586 pridie
519 500 668 588 pluribus
684 498 763 582 518.
777 500 882 566 Cardo
898 501 1017 568 deinde
1032 506 1105 594 phi·

45 603 186 693 losophiae
209 601 430 668 recentiorum
448 605 718 671 Academicorum
733 608 767 670 in
789 605 982 674 infirmanda
999 614 1105 677 Zeno·

46 715 128 777 uana
143 720 284 792 pervectae
299 727 487 782 aarum:
504 711 694 778 delinitione
711 713 866 778 cernitur.
891 716 968 780 Haec
986 717 1020 780 in
1037 718 1104 782 Lu·

45 819 118 882 cullo
134 817 234 880 unice
257 831 372 880 contra
389 815 597 882 Philonianas
613 818 813 899 objectiones
830 818 1037 904 defenditur,
1058 821 1100 886 cf.

45 923 106 1000 §18
124 944 214 1011 seqq.
235 921 377 986 «Omnis
394 922 497 986 oratio
522 938 636 987 contra
663 923 871 1000 Academiam
892 925 1066 1015 suscipitur
1085 950 1104 991 a

45 1033 143 1114 nobis,
162 1047 202 1096 ut
214 1030 411 1094 retineamus
428 1053 499 1094 eam
516 1029 757 1118 definitionem,
773 1053 870 1118 quam
888 1033 982 1097 Philo
999 1033 1104 1100 voluit

47 1154 212 1202 evertere».
230 1137 273 1200 At
285 1135 320 1199 in
336 1135 398 1200 hac
414 1134 587 1200 evertenda
604 1135 797 1200 laborabant
812 1137 909 1201 etiam
927 1137 1105 1204 Carneades

44 1261 70 1308 et
88 1241 260 1306 Arcesilas!
287 1239 337 1304 Ad
356 1242 462 1306 solum
485 1241 585 1332 igitur
605 1242 777 1307 Philonem
802 1241 872 1306 brec
893 1244 1104 1332 applicantur.

46 1348 116 1412 lude
128 1349 205 1413 satis
218 1347 388 1436 probabile
403 1346 457 1431 fit,
481 1348 621 1412 rationes
641 1369 712 1430 eas,
735 1371 807 1436 quae
822 1349 975 1414 Antiochi
992 1367 1106 1416 contra

44 1453 231 1521 Carneadem
252 1472 362 1536 erant,
381 1454 485 1544 pridie
501 1455 542 1519 ab
556 1455 732 1520 Hortensio
747 1478 817 1520 esse
830 1457 989 1544 expositas
1005 1457 1104 1524 :alias

47 1563 122 1626 enirn
139 1583 217 1626 sane
229 1560 284 1626 hic
300 1561 392 1626 locus
407 1563 441 1625 in
459 1584 526 1625 non
539 1563 635 1649 plene
648 1562 789 1626 tractatis
805 1561 979 1650 ponendus
995 1564 1105 1631 fuerit.

46 1669 132 1752 Quae,
152 1669 249 1733 tertio
260 1668 354 1750 loco,
371 1667 489 1758 dogma
502 1667 584 1732 illud
595 1685 761 1756 spectant,
777 1671 902 1756 percipi
910 1668 994 1734 nihil
1000 1694 1107 1759 posse·

46 1778 73 1839 in
90 1799 155 1864 quo
172 1767 380 1840 defendendo
399 1775 506 1839 omnis
527 1774 627 1854 hujus
642 1774 823 1840 Academias
840 1774 886 1840 vis
903 1777 1106 1861 cernebatur,

46 1867 193 1970 cujusque
210 1883 351 1946 rationes
366 1880 538 1946 Carneadis
554 1903 692 1947 acumen
710 1903 808 1971 quam
826 1881 964 1946 maxime
983 1886 1106 1972 expoli-

45 1989 184 2076 remt(cs.
203 1989 290 2053 Sext.
309 1990 406 2076 Emp.
424 1988 538 2078 Pyrrh.
552 1989 587 2066 l,
606 1987 684 2076 227)
698 2009 706 2051 :
719 1987 797 2052 huic
815 1988 1008 2052 Hortensius
1026 1989 1108 2055 illud

46 2095 198 2183 Antipatri
217 2095 436 2182 Antiochique
453 2111 665 2184 opposuerat,
681 2094 746 2159 hoc
762 2093 870 2184 ipsum
889 2108 976 2158 certe
988 2094 1108 2186 dogma

46 2203 81 2266 ab
100 2203 179 2287 illis,
209 2217 249 2266 ut
274 2217 483 2292 perceptum,
507 2202 587 2290 poni
610 2201 761 2267 debuisse
786 2199 873 2279 528.
898 2201 1001 2266 Porro
1021 2203 1107 2269 illius

45 2323 156 2378 masat,
179 2307 269 2398 quod
287 2307 376 2372 idem
394 2307 575 2373 Carneades
598 2325 634 2390 τῷ
650 2323 805 2389 tardema
829 2329 904 2371 cum
922 2309 1036 2396 triplici
1056 2309 1107 2373 di·

47 2414 212 2480 stinctione
239 2415 410 2505 opposuit,
439 2437 537 2503 quarn
561 2413 701 2478 obscure
724 2413 794 2494 ejus
818 2413 942 2478 mentio
964 2414 1108 2495 injicitur

46 2523 61 2598 S
78 2517 138 2602 35,
161 2537 195 2585 et
208 2521 305 2586 alibi?
323 2521 387 2586 Sed
407 2519 574 2609 pridianus
591 2541 699 2584 sermo
717 2519 792 2583 satis
809 2520 879 2584 hec
899 2520 1045 2603 triverat,
1071 2539 1110 2587 ut

43 2623 103 2702 jam
119 2647 300 2714 paucorum
315 2626 493 2690 verborum
508 2647 592 2714 opus
610 2642 694 2690 esset
708 2624 749 2690 ad
765 2625 955 2690 memoriam
971 2626 1108 2692 istorum

46 2730 262 2797 refricandam.
277 2733 446 2821 Denique,
463 2746 502 2794 ut
512 2753 617 2794 unum
630 2729 739 2794 adhuc
752 2727 923 2812 addamus,
940 2730 1020 2795 illud
1037 2732 1111 2796 Car-

49 2837 151 2903 neadis
173 2837 364 2928 proprium,
380 2861 447 2927 quo
460 2838 590 2925 opinari
607 2836 744 2924 sapienti
763 2835 894 2918 licebat;
921 2836 965 2900 ita
980 2851 1108 2923 tamen,

49 2956 99 3022 ut,
114 2943 238 3031 opinari
254 2964 308 3022 se,
328 2943 521 3031 intelligeret
536 2945 553 3021 §
570 2940 646 3022 148,
671 2961 737 3028 prae
751 2939 881 3021 ceteris,
898 2939 942 3022 si,
960 2963 1033 3029 quae
1049 2967 1109 3031 po-

49 3046 182 3130 suimus,
198 3069 275 3112 vera
291 3064 388 3130 sunt,
401 3047 435 3110 in
453 3044 554 3135 priori
569 3044 653 3108 libro
672 3044 712 3107 ab
729 3061 867 3131 utraque
884 3059 975 3133 parte
989 3069 1110 3137 expen-

51 3148 187 3218 dendum
206 3155 322 3219 luerat.
349 3155 457 3242 Atque
486 3175 528 3216 en
547 3151 606 3215 tibi
632 3155 649 3230 §
671 3146 713 3236 59
735 3149 832 3215 hoec:
859 3180 872 3206 ι
885 3147 926 3230 de
947 3153 1111 3220 Carneade

51 3255 115 3322 heri
128 3258 347 3350 disputatum,
364 3281 441 3324 eum
454 3257 586 3322 solitum
600 3252 766 3319 interdum
779 3278 818 3319 eo
836 3253 952 3339 delabi,
971 3275 1009 3323 ut
1025 3259 1113 3328 dice·

52 3380 96 3428 ret
106 3369 335 3456 opinaturum,
353 3363 454 3442 idest,
464 3378 675 3453 peccaturum
687 3383 756 3426 esse
770 3362 947 3450 sapientem
959 3394 983 3430 s.
996 3366 1048 3432 Ex
1060 3369 1111 3435 his

53 3469 128 3538 clare
138 3489 247 3563 patet,
269 3473 311 3537 ab
329 3487 467 3561 utraque
482 3487 571 3559 parte
586 3468 650 3532 hoc
667 3484 764 3556 caput
779 3466 884 3557 pridie
905 3492 974 3535 esse
995 3488 1113 3541 tracta·

53 3593 128 3653 tum,
140 3580 180 3645 ld
193 3581 299 3661 enim,
317 3579 432 3643 Catulo
449 3577 625 3666 probante,
638 3591 670 3640 et
685 3575 832 3639 Ciceroni
846 3575 991 3643 Philonis
1005 3580 1046 3670 (§
1058 3583 1115 3667 68,

55 3700 85 3747 et
98 3685 236 3775 saepius),
246 3700 281 3749 et
297 3683 474 3750 Hortensio
488 3682 641 3747 Antiochi
655 3680 836 3746 rationibus
853 3684 1113 3775 oppugnandum

55 3791 160 3858 fuerat.
179 3794 289 3882 Atque
306 3789 384 3855 inde
402 3790 498 3855 etiam
517 3788 572 3871 lit,
593 3805 630 3852 ut
643 3788 768 3875 ubique
783 3788 817 3851 in
833 3788 970 3856 Lucullo
984 3810 1115 3881 praeter.

55 3896 158 3961 eundo
171 3915 301 3963 tantum
317 3896 416 3977 hujus
432 3894 478 3959 rei
495 3895 618 3958 mentio
630 3891 801 3973 injiciatur.

97 4003 156 4068 Sed
176 4003 290 4096 paucis
311 4001 412 4067 modo
434 4002 527 4065 lineis
554 3999 748 4064 adumbrare
774 3999 956 4083 voluimus,
977 4026 1064 4091 quae,
1088 4007 1116 4070 si

58 4127 134 4195 opus
150 4127 252 4194 esset,
278 4109 376 4197 longe
394 4107 574 4200 accuratius
592 4105 720 4170 tractari
739 4121 899 4194 poterant.
927 4107 1004 4171 llaec
1030 4109 1117 4175 enim
1163 4121 1166 4126 '
