2776 4668
460 421 509 492 nt
535 423 793 494 rnnnnoxn.
1086 429 1157 525 467

87 537 190 603 docet
215 536 398 604 iubendam
424 563 492 606 non
516 565 603 626 esse,
625 542 684 610 sed
710 543 811 610 solam
838 544 1041 612 honestatem
1061 572 1158 640 expc-

88 643 237 710 tendam.
1103 720 1106 734 .

136 749 319 814 Secundum
341 750 542 816 Paradueon
570 753 705 820 alterum
731 757 880 824 continet
902 761 1157 829 consectarium:

87 861 125 918 in
145 878 210 944 quo
228 858 334 920 virtus
350 859 409 940 sit,
426 862 459 921 ei
472 858 555 922 m'ltil
567 859 672 924 messe
698 861 746 926 ad
765 863 855 928 beate
871 863 1064 930 vivendum
1081 869 1158 950 Quo

88 961 166 1025 loco
182 961 375 1049 persuadere
384 962 510 1044 studet,
524 987 630 1052 neque
641 963 787 1031 adversas
801 989 869 1049 res,
882 989 988 1056 neque
1000 971 1157 1038 secundas

87 1066 262 1130 hominem
283 1067 429 1150 ieiicem,
451 1085 508 1134 aut
531 1069 692 1134 infelicem
716 1071 851 1138 reddere
870 1095 879 1136 t
899 1074 953 1138 cui
975 1075 1062 1139 enim
1085 1097 1158 1164 spes

88 1173 201 1236 omnis
218 1189 251 1236 et
265 1173 348 1238 ratio
371 1189 402 1236 et
426 1175 577 1263 cogitatio
595 1174 736 1262 pendeat
756 1199 796 1240 ex
813 1175 965 1260 fortuna,
983 1177 1060 1244 huic
1077 1181 1159 1245 nihil

87 1299 190 1365 posse
207 1298 277 1340 esse
293 1277 390 1359 certi,
407 1278 488 1344 nihil
508 1277 600 1364 quod
618 1281 824 1367 exploratum
838 1282 955 1349 habeat
970 1305 1160 1372 permansu-

86 1405 168 1450 rum
184 1381 247 1446 sihi
264 1403 367 1446 unum
386 1380 483 1448 diem.
502 1382 569 1466 Qui
585 1399 694 1450 autem
711 1385 796 1450 inse
815 1409 884 1450 uno
901 1410 958 1451 sua
974 1406 1075 1474 ponat
1092 1414 1163 1458 om·

87 1486 356 1576 nia,huicneque
369 1488 480 1572 exsilii,
495 1511 602 1576 neque
611 1491 725 1556 mortis
736 1491 856 1573 minas,
866 1493 975 1580 quales
987 1496 1020 1560 in
1035 1518 1069 1560 se
1081 1520 1159 1562 con·
1206 1555 1212 1564 .

83 1594 183 1672 jectae
197 1592 445 1676 sint,terribiles
456 1615 535 1658 esse.
546 1592 742 1682 Improboet
754 1597 854 1659 stulto
871 1612 903 1659 et
918 1599 1015 1663 inerti
1032 1603 1158 1666 nemini

86 1697 178 1762 bene
192 1721 261 1763 esse
276 1720 386 1788 posse,
403 1699 529 1762 bonum
545 1715 653 1763 autem
669 1700 776 1764 virum
793 1715 825 1764 et
840 1701 975 1785 fortem,
987 1721 1020 1768 et
1031 1707 1159 1793 sapien·

86 1821 158 1868 tem
176 1826 243 1868 non
263 1804 427 1866 miserum.
447 1803 548 1885 Cujus
570 1825 675 1868 mores
700 1803 851 1874 laudandi
871 1807 953 1885 sint,
969 1808 1039 1890 ejus
1058 1812 1158 1877 vitam

85 1931 161 1976 esse
179 1907 400 1975 laudandam:
422 1907 585 1998 quidquid
609 1909 650 1974 sit
673 1907 851 2001 laudabile,
870 1909 956 1978 idem
975 1929 1008 1978 et
1024 1915 1157 1984 beatum

85 2014 193 2079 videri
209 2012 328 2080 debere
345 2011 359 2101 (
380 2013 406 2100 ).

133 2118 177 2180 in
196 2117 286 2180 tereto
303 2116 498 2199 Paradoxo,
510 2130 550 2178 ut
563 2116 705 2204 aequalia
718 2139 782 2180 essa
787 2134 924 2206 peecata
932 2135 962 2185 et
973 2121 1158 2209 reetesacta

86 2216 298 2308 persuadeat,
313 2218 419 2306 primo
431 2239 499 2310 cap.
510 2231 639 2304 peccata
653 2214 732 2282 dicit
744 2241 811 2282 non
827 2242 934 2284 rerum
950 2241 1086 2308 eventu,
1100 2225 1158 2290 sed

86 2324 176 2390 vitiis
188 2324 360 2388 hominum
371 2321 533 2388 metienda
547 2345 627 2388 esse.
639 2322 775 2388 Peccare
788 2349 856 2388 non
872 2326 985 2392 licere:
998 2327 1031 2392 id
1045 2349 1156 2397 autem
1250 2329 1256 2335 ’

86 2429 248 2518 quoniam
264 2451 325 2494 nec
340 2428 455 2510 majus,
462 2450 522 2494 neo
537 2429 645 2494 minus
656 2427 725 2494 fieri
738 2432 850 2518 possit,
861 2449 991 2522 peccata
1005 2454 1156 2524 oportere

86 2557 161 2600 esse
179 2535 311 2623 aequalia
327 2535 460 2623 pariter,
475 2557 512 2598 ac
527 2535 660 2600 virtutes
673 2554 764 2623 pares
776 2537 851 2602 sint.
862 2538 954 2603 Hanc
965 2544 1155 2607 sententiam

85 2641 184 2732 (cap.
201 2639 240 2728 2)
255 2663 362 2704 arcere
381 2640 519 2704 maxime
534 2639 683 2704 homines
697 2641 738 2704 ab
752 2643 844 2706 omni
858 2641 1083 2732 improbitate:
1096 2647 1153 2735 qui

84 2759 215 2838 patrem
227 2747 404 2829 necaverit,
418 2747 518 2812 multa
536 2769 702 2834 peccasse,
717 2770 821 2835 eoque
841 2750 986 2837 graviore
1004 2773 1098 2838 poena
1112 2752 1156 2820 di·

85 2876 193 2944 gnum
207 2875 274 2917 esse
283 2853 496 2940 hunc,quam
509 2852 567 2939 qui
577 2873 722 2932 servum,
735 2852 856 2940 quippe
870 2852 903 2916 in
915 2874 982 2940 quo
994 2856 1153 2940 necando,

86 2958 116 3021 si
131 2955 217 3020 adsit
231 2955 364 3036 injuria,
378 2953 477 3019 semel
495 2953 684 3042 peccaverit.
695 2952 827 3017 Poenam
841 2967 948 3016 autem
965 2953 998 3046 in
1010 2955 1074 3018 vita
1087 2979 1155 3022 non

124 3139 166 3206 (1)
183 3137 271 3210 Hujus
283 3134 391 3190 secundi
404 3134 499 3189 Pet-ad.
513 3133 652 3190 schitniue
665 3143 756 3186 monet
769 3151 824 3186 non
840 3134 971 3205 majorem'
982 3151 1039 3190 esse
1052 3138 1157 3193 subtili·
1222 3175 1226 3184 -

83 3235 182 3277 tatem.
194 3221 275 3275 Nullo
287 3219 367 3274 ωοάο
375 3219 446 3273 enirn
459 3239 491 3272 ex
505 3219 552 3272 ista
564 3217 793 3290 argumentatione
805 3217 895 3289 sequi,
909 3223 970 3270 euni
983 3235 1037 3272 non
1052 3221 1157 3276 beatius

85 3309 200 3371 virere,
212 3306 258 3378 qni
272 3323 325 3358 una
336 3323 397 3357 cum
408 3303 505 3356 virtute
516 3303 618 3354 fruatur
632 3300 711 3354 etiam
726 3300 850 3353 omnibus
860 3315 906 3352 aut
916 3311 987 3355 certe
1001 3303 1094 3356 multia
1105 3306 1159 3358 ior·

84 3403 161 3442 tuate
174 3389 266 3454 bonis,
285 3405 365 3461 quam
379 3387 423 3440 cni
436 3397 529 3458 praeter
540 3385 665 3438 virtutem
678 3397 766 3439 cetera
780 3385 868 3438 omnia
878 3383 975 3438 desint.
992 3385 1069 3440 Idem
1081 3389 1160 3443 sentit

84 3474 146 3528 Cic.
156 3471 190 3526 de
200 3471 259 3525 Fin.
272 3473 321 3536 w,
337 3471 369 3526 23
378 3511 385 3535 ,
394 3473 443 3536 δι,
459 3481 485 3524 et
498 3485 537 3536 19,
549 3468 582 3532 54
592 3485 621 3520 :u
638 3470 669 3522 In
683 3469 769 3541 prima
782 3469 971 3522 constitutione
982 3471 1056 3524 Zeno
1069 3485 1128 3526 tum
1143 3493 1158 3526 a

84 3569 186 3612 natura
207 3557 344 3610 recessit...
366 3556 409 3609 his
428 3552 584 3627 propositis,
597 3553 683 3606 tenuit
702 3571 812 3624 prorsus
833 3555 1047 3625 consequentia...
1059 3556 1105 3610 sed
1121 3557 1159 3612 ita

84 3641 152 3697 tatu
164 3650 227 3694 sunt
241 3657 272 3693 ea
282 3677 291 3703 ,
303 3657 363 3711 quar
377 3651 587 3710 consequuntur,
600 3647 630 3689 nt
641 3637 685 3688 itta
697 3673 706 3700 ‚
723 3655 738 3688 e
750 3637 847 3708 quibus
857 3635 915 3690 hnc
928 3648 989 3691 nata
1004 3651 1083 3705 sunt,
1094 3659 1159 3695 vera
1268 3683 1277 3690 .

84 3743 146 3779 esse
159 3741 214 3776 non
228 3722 328 3794 possint
339 3747 360 3774 n.
372 3721 480 3775 Catonia
493 3732 580 3773 autem
593 3720 674 3773 verba
688 3720 746 3772 hae
760 3718 1157 3790 tuemnrdettiu.111,1i,4⁵:

84 3833 99 3855 a
112 3811 205 3875 Quum
219 3807 254 3859 tit
270 3805 292 3858 ie
304 3807 434 3859 mnarum
449 3805 522 3865 finis,
538 3822 618 3876 quem
632 3803 714 3858 Stoici
732 3802 843 3868 dicunt;
858 3805 944 3858 omnis
963 3806 1012 3859 ieta
1030 3825 1119 3860 rernm
1133 3807 1161 3861 in

84 3907 203 3963 corpore
215 3891 324 3944 sitarum
339 3889 475 3943 estimatio
488 3887 630 3959 splendore
642 3887 748 3940 virtutis
762 3899 787 3940 et
800 3889 984 3961 magnitudine
996 3891 1163 3958 obscuretur,

85 3987 114 4028 et
124 3976 269 4042 obruatur,
281 3987 360 4047 atque
372 3973 483 4026 intereat
496 3989 601 4026 necesse
613 3983 679 4025 est...
691 3969 808 4043 deniqne
822 3972 909 4046 ipsum
921 3973 1038 4036 bonum,
1051 3972 1128 4044 qnod
1134 3972 1162 4025 in

84 4077 119 4112 eo
133 4057 254 4132 positum
273 4071 326 4124 ert,
349 4069 378 4112 ut
400 4071 501 4115 naturae
522 4055 688 4124 consentiat,
709 4057 844 4111 crescendi
862 4056 1044 4112 accessionem
1062 4056 1164 4110 nnllam

84 4144 169 4198 habet
181 4171 204 4198 ι.

958 4223 1014 4292 30.
