2762 4656
291 372 540 461 ACADEMIC.
566 375 603 458 l,
628 373 762 441 LIBER
786 373 914 460 11,1tt.
1063 373 1131 468 317

64 491 154 564 illud
175 517 271 580 esse,
290 495 447 590 quamsi
466 495 561 566 inter
578 492 639 564 illa
658 495 809 564 omnino
826 495 918 567 nihil
935 497 1133 571 interesset.

65 601 191 676 Habeo
222 604 320 674 enirn
346 603 526 701 regulam,
552 619 595 675 ut
625 602 708 676 talia
737 605 812 675 visa
843 627 928 676 vera
954 605 1135 702 judicem,

66 715 186 810 qualia
202 711 291 786 falsa
309 739 384 785 esse
402 740 478 785 non
493 716 686 813 possintfl„
704 711 760 784 Ab
775 712 841 786 hac
855 715 945 786 mihi
959 741 1034 788 non
1053 718 1138 790 licet

68 838 329 912 transversum,
347 838 389 894 nt
406 827 524 910 aiunt,
539 822 692 920 digitum
709 822 910 912 discedere,
929 849 976 896 ne
990 825 1139 896 consun-

67 933 148 1004 dam
172 934 305 1005 omnia.
328 935 414 1004 Veri
438 934 534 1004 enim
561 948 597 1004 et
619 930 698 1004 falsi
723 957 800 1004 non
826 934 937 1005 modo
959 937 1138 1032 cognitio,

68 1043 189 1116 sedet
216 1043 566 1130 naturatolletur22,
589 1045 618 1114 si
642 1035 732 1112 nihil
757 1046 840 1134 erit,
859 1046 959 1142 qnod
979 1048 1138 1118 intersit:

67 1168 107 1226 ut
124 1157 235 1225 etiam
256 1153 348 1225 illud
370 1153 568 1226 absurdum
587 1154 652 1240 sit,
679 1153 779 1250 quod
807 1155 989 1227 interdum
1018 1156 1139 1228 soletis

68 1263 210 1352 dicere,
229 1288 345 1361 quum
363 1267 437 1335 visa
451 1266 487 1334 in
507 1266 634 1335 animis
651 1263 963 1362 imprimantur²³‚
982 1292 1058 1338 non
1075 1291 1140 1337 vos

70 1373 104 1445 id
118 1373 261 1463 dicere,
276 1376 370 1445 inter
383 1375 478 1472 ipsas
494 1375 749 1472 impressiones
766 1376 857 1447 nihil
873 1380 1065 1466 interesse,
1077 1375 1142 1448 sed

70 1487 164 1554 inter
182 1485 322 1582 species
335 1498 372 1554 et
388 1485 561 1582 quasdam
575 1484 708 1556 formas
720 1483 753 1540 ²⁴
769 1510 907 1558 eorum.
928 1489 1040 1578 Quasi
1055 1512 1141 1559 vero

70 1619 142 1664 non
168 1597 289 1693 specie
307 1597 382 1666 visa
397 1594 626 1690 judicentur:
647 1621 728 1693 qnae
748 1594 858 1668 fidem
876 1598 1012 1669 nullam
1031 1596 1142 1670 habe·

69 1705 185 1794 bunt,
207 1703 347 1777 sublata
365 1709 441 1777 veri
460 1720 497 1777 et
513 1703 592 1776 falsi
611 1721 707 1778 nota.
728 1705 821 1778 Illud
841 1731 928 1779 vero
950 1706 1142 1806 perabsur-
1162 1709 1196 1775 ⁵9

105 1977 149 2010 er.
173 1960 265 2024 Qualia
277 1960 349 2024 falsa
363 1978 413 2010 erse
427 1961 589 2028 nonpossint.
633 1963 675 2021 sit,
688 1961 881 2010 siinterrerunr
895 1963 1018 2012 etfrlsurn
1031 1962 1144 2011 nihiliu-

73 2041 174 2088 Pesrint
191 2041 295 2088 refertur
317 2039 349 2089 sd
373 2040 435 2089 illud
454 2043 590 2104 criterium,
634 2041 709 2090 tersit.

73 2119 154 2182 quod,
170 2129 199 2168 nt
212 2134 262 2167 suae
275 2130 346 2168 seotae
356 2121 495 2185 proprium,
505 2111 592 2169 Lucul-
669 2120 712 2168 23.
733 2113 764 2167 ln
781 2117 870 2168 anlrnis
887 2119 1066 2184 imprimantur.
1086 2122 1144 2171 Em.

73 2198 110 2246 lus
129 2197 233 2260 oblique
252 2201 421 2262 pronuntiet:
448 2201 469 2247 si
487 2209 592 2263 possunt
633 2205 718 2246 verunt
730 2199 817 2246 sitium
830 2201 938 2263 reposuit
951 2200 1063 2263 animos,
1077 2203 1147 2263 cujus

74 2275 213 2326 eommunis
224 2277 299 2326 lectio
312 2289 392 2338 esset,
417 2294 503 2326 exeun
516 2279 593 2342 ipsius
633 2275 692 2323 loco
712 2275 762 2336 ism
784 2277 868 2325 Lemb.
891 2279 980 2326 animis
1004 2281 1145 2345 scripserat,

75 2359 192 2406 sententie
213 2355 267 2404 lnec
287 2349 401 2415 dixissen
420 2371 471 2404 non
489 2354 593 2405 eliorum
634 2355 704 2420 quod
718 2354 806 2404 deinde
815 2359 926 2406 Parisino
937 2359 1148 2419 3,conlirrnetum

75 2436 201 2488 decretum
224 2437 335 2486 laudens.
356 2438 410 2485 Nos
432 2449 514 2486 eutem
533 2438 558 2487 h.
571 2437 592 2488 l.
635 2435 719 2482 Deris.
734 2432 808 2482 dedit.
827 2437 917 2483 Preter
930 2436 983 2485 locu
997 2454 1051 2502 quse
1063 2441 1147 2489 Deris.

74 2517 200 2578 subjunct.
220 2516 278 2566 ideo
299 2515 445 2580 probemus,
460 2516 541 2580 qnod,
558 2517 594 2566 sic
635 2511 731 2571 laudnt,
750 2512 784 2561 cl.
802 2513 875 2562 etiem
896 2531 969 2579 suprs
990 2532 1038 2577 rr,
1058 2518 1108 2578 34,
1125 2529 1150 2566 et

75 2597 167 2644 scribes
180 2585 432 2660 mutasse‚probsltile
442 2595 545 2644 nonsit.
560 2597 592 2645 G.
636 2593 710 2655 Legg.
731 2594 760 2652 1,
784 2607 824 2648 Η,
847 2593 888 2639 30.
911 2594 1052 2660 Eodemque
1073 2597 1150 2644 modo

112 2691 156 2725 ss·
170 2677 222 2724 Sed
233 2688 360 2724 stratura
373 2675 477 2724 tolletur.
491 2669 595 2724 Goerens
636 2671 698 2718 inire
716 2672 764 2732 26,
782 2673 815 2720 86
832 2686 839 2721 :
856 2671 904 2719 nin
918 2688 972 2720 cers
991 2673 1150 2736 imprimere·

78 2755 135 2814 det,
147 2754 193 2803 red
203 2754 285 2804 etiam.
300 2755 374 2820 Vulp.
388 2755 434 2802 sed
445 2767 483 2814 es,
502 2754 594 2818 inquit,
637 2750 747 2798 dicitur:
766 2761 839 2814 etque
858 2752 892 2798 ita
906 2752 1020 2800 omnibus
1033 2754 1060 2799 in
1072 2751 1149 2814 loeis,

77 2835 102 2885 lt.
116 2834 136 2883 l.
151 2851 196 2899 per
213 2851 239 2883 se
256 2833 461 2882 contemnendum
479 2849 530 2881 non
543 2844 594 2892 est,
636 2831 718 2877 nisisi
737 2845 811 2894 quem
831 2829 924 2878 librarii
942 2847 1009 2879 suem
1025 2831 1151 2884 latinitatis

77 2931 155 2978 quum
180 2925 207 2962 et
227 2929 274 2978 pro
296 2914 360 2962 adeo
382 2915 491 2979 positum
514 2912 595 2976 putari
637 2924 746 2957 normem
757 2910 826 2974 sequi
840 2923 981 2974 coegerunt.
994 2913 1027 2960 G.

77 2995 166 3060 possit.
188 2992 236 3041 Sed
251 2993 315 3040 clere
334 2993 409 3040 etiam
426 2989 543 3041 exhibent
561 2993 593 3038 l‘r.
673 2987 1152 3053 uls.Interspecr'esetquasdamformas

79 3073 135 3122 eod.
160 3071 211 3120 Erl.
232 3073 277 3120 Dr.
300 3083 324 3120 et
341 3082 400 3121 vett.
423 3069 478 3119 edd.
499 3071 594 3134 plures,
637 3083 728 3117 eornm.
742 3069 860 3116 Sollicitet
868 3068 1152 3132 Wells.·qunsdsmlor-

80 3152 157 3212 unde,
171 3163 197 3198 et
206 3167 249 3215 per
258 3149 430 3216 compendium
439 3161 524 3198 ustum
535 3165 594 3208 esse,
637 3165 690 3196 rnre
698 3169 723 3207 ι,
737 3169 750 3189 α
757 3148 826 3210 qussi
837 3147 854 3196 l.
865 3167 878 3188 ο
892 3148 1016 3210 corrigens
1030 3149 1151 3212 probante

79 3231 208 3296 intelligee.
221 3233 251 3277 Iu
265 3231 367 3296 repetita
380 3241 461 3278 sutem
474 3228 519 3276 ltsc
533 3237 596 3293 pert,
638 3226 748 3276 Devisio.
757 3225 806 3275 Sed
817 3225 922 3274 subinde
935 3225 1041 3276 vidimus
1050 3229 1151 3292 qnidam

81 3311 225 3358 nelneress.
239 3309 406 3373 Cfisupret,
421 3305 522 3367 ro,cll.
536 3309 595 3356 Nst.
639 3323 708 3372 seque
732 3305 841 3354 emollire
863 3306 978 3354 audacius
1000 3306 1073 3356 diets.
1097 3311 1154 3358 11oe

81 3391 155 3439 Deor.
169 3392 213 3449 11,
231 3389 277 3447 ⁵2,
294 3387 357 3446 1303
373 3391 446 3452 legg.
458 3389 510 3445 111,
523 3402 555 3444 r,
572 3393 596 3442 4.
640 3397 719 3436 sutem
740 3385 798 3434 loco
814 3385 916 3450 formas
939 3387 1041 3434 onesius
1062 3379 1169 3438 dr'oturu¹

82 3472 175 3518 Attum
185 3469 301 3518 sltemtra
311 3469 375 3516 adeo
384 3467 464 3516 velere
475 3467 561 3530 debet,
570 3477 598 3515 nt
641 3467 718 3528 loret,
726 3469 748 3514 si
756 3465 857 3531 proprie
866 3465 906 3527 ri,
915 3481 965 3513 non
973 3469 1156 3520 accommodate

82 3548 110 3596 h.
120 3549 140 3598 l.
151 3549 275 3614 posterius
284 3534 379 3614 posits,
385 3548 508 3596 Naturam
518 3558 598 3596 sutem
640 3547 756 3611 positum,
763 3545 892 3609 receperis.
900 3545 1087 3596 G.-Dtesbans
1094 3553 1156 3598 Aes-

83 3627 115 3675 its
125 3629 178 3678 tolli
186 3639 248 3693 putu
258 3645 290 3676 ex
300 3629 438 3677 Stoicorum
451 3640 544 3686 mente,
555 3627 599 3690 qui
641 3625 730 3674 demici
740 3641 791 3674 uon
801 3623 898 3672 easdem
911 3641 962 3674 esse
971 3626 1155 3691 impressiones,

84 3722 135 3754 um
148 3707 202 3755 urin
216 3705 304 3756 dicunt
317 3729 330 3749 α
340 3709 484 3773 participem
498 3706 600 3755 rationis
642 3707 698 3769 quie
716 3721 755 3753 res
770 3705 843 3752 veria
860 3705 939 3754 oculis
957 3705 1044 3755 olslntae
1063 3724 1088 3755 re
1102 3710 1156 3772 ipse

85 3785 600 3852 etordinmumquemvisprogredientem,
642 3785 732 3831 variam
751 3783 811 3834 deut
823 3786 1022 3850 perceptionem,
1035 3785 1078 3834 sed
1095 3785 1157 3833 nihil

85 3863 313 3928 decimotemque,
336 3864 397 3928 quid
423 3866 541 3929 cujusque
565 3863 601 3913 rei
642 3865 757 3912 interesse
765 3865 1158 3928 interserumlormrnsivespe·

86 3959 154 3990 erues
178 3943 283 4002 efficiet,
309 3943 369 4008 quid
391 3956 536 4008 sequatur-n.
559 3943 600 3994 Cf.
644 3944 701 3991 cies.
724 3942 778 3994 Nos
804 3944 884 4002 enim,
904 3960 980 4008 quum
999 3944 1105 3992 diverses
1120 3959 1159 3990 res
1205 3926 1207 3942 l

86 4025 142 4074 Nst.
163 4025 239 4074 Deor.
264 4026 305 4082 ΙΙ,
325 4025 373 4082 32,
393 4026 434 4074 81.
453 4025 519 4073 Telis
536 4024 601 4072 enim
646 4023 752 4071 vicissim
761 4023 992 4080 videmus,eesdem
1006 4021 1088 4070 videre
1106 4036 1159 4068 cre·

87 4115 172 4152 nature
190 4101 287 4152 homini
305 4102 370 4152 idern
387 4105 445 4164 erit,
467 4119 496 4152 ec
513 4104 602 4151 sinon
648 4103 938 4168 dimne,neoposeumus
946 4119 986 4153 ese
999 4101 1161 4164 distinguere:
