2748 4670
233 334 303 408 358
572 343 621 410 Μ.
648 343 687 410 Τ.
713 340 958 412 CICERONIS

231 457 422 548 (lancee
441 458 574 558 quibus
601 461 787 536 volumina
820 461 968 560 impieta
989 471 1074 532 sunt
1093 483 1170 532 non
1194 485 1217 532 a
1240 486 1307 532 no·

232 570 315 648 stris
330 568 468 660 solum,
489 569 678 646 sedetiam
699 597 720 644 a
737 570 943 668 Chrysippo
954 581 997 644 ¹⁰.
1021 571 1076 642 De
1101 593 1178 666 quo
1202 573 1308 666 queri

231 679 350 758 solent
365 682 490 772 stoici,
507 679 597 754 dum
611 681 772 758 studiose
789 682 912 754 omnia
926 681 1163 778 conquisierit
1178 695 1309 782 contra

232 815 377 880 sensus,
394 806 432 862 et
451 793 757 896 perspicuitatem,
768 806 967 889 contraque
988 815 1136 866 ornnem
1155 816 1308 866 consuc-

231 900 416 992 tudiuem,
440 918 641 1002 contraque
665 905 900 990 rationcm¹¹,
924 906 1045 1002 ipsum
1067 899 1138 976 sibi
1155 927 1308 1002 respon-

232 1007 400 1103 dentem,
425 1011 636 1088 iuferiorem
661 1012 831 1104 fuisse¹²;
851 1017 976 1112 itaque
996 1011 1042 1088 ab
1062 1038 1108 1086 eo
1125 1029 1306 1086 armatum

179 1137 213 1192 88
232 1148 309 1196 esse
328 1123 565 1208 Carneadem.
589 1131 640 1200 Ea
659 1140 744 1200 suut
762 1121 944 1221 ejusmodi
956 1119 1000 1212 ¹³,
1021 1147 1104 1224 quae
1124 1147 1147 1198 o
1167 1137 1207 1196 te
1226 1123 1308 1198 diii-

230 1235 435 1334 gcntissime
465 1250 616 1310 tractata
645 1250 743 1310 sunt.
768 1233 1059 1322 Dormientium,
1084 1247 1120 1308 et
1140 1232 1307 1306 vinolen-

231 1361 375 1435 torum,
396 1361 435 1418 ct
451 1342 672 1420 furiosorum
692 1347 766 1417 visa
784 1343 1022 1418 imbecilliora
1042 1367 1122 1416 esse
1140 1339 1307 1426 dicebas,

230 1481 341 1554 quam
360 1456 609 1554 vigilantium,
628 1461 806 1530 siccorum
819 1458 861 1545 ¹⁴,
874 1479 1059 1526 sanorum.
1075 1457 1160 1545 Quo
1174 1440 1308 1526 modoi

230 1567 344 1658 Quia,
358 1590 474 1663 quum
494 1582 728 1666 experrectus
745 1581 860 1656 esset,
880 1547 1063 1640 Etinius¹⁵
1079 1589 1156 1638 nou
1171 1561 1307 1636 diceret

229 1797 302 1852 supra
315 1779 437 1842 diximus,
450 1797 554 1850 queque
566 1781 614 1832 boe
627 1783 644 1830 Ι.
658 1799 744 1849 perum
762 1827 765 1834 ,
788 1791 895 1842 taverat,
912 1779 1077 1852 respondere,¹
1098 1793 1188 1844 eaeque
1203 1780 1308 1830 minure

229 1861 358 1910 commode
367 1863 476 1927 ponitur.
486 1863 539 1911 rin.
548 1865 574 1922 1,
587 1877 626 1922 te,
637 1863 668 1912 32
676 1877 683 1912 t
691 1886 704 1906 ι
714 1865 747 1910 tle
786 1859 874 1919 vellet,
891 1857 1006 1910 iite'rrm
1023 1857 1164 1928 γιγονίναι,
1176 1860 1197 1906 i.
1212 1877 1236 1907 e.
1250 1859 1308 1907 huic

221 1927 294 1987 'enirn
310 1940 343 1989 ed
358 1941 459 1988 minima
476 1942 608 2004 veniam»,
621 1941 664 1990 ubi
676 1957 745 2006 esque
786 1941 821 1988 rei
835 1955 916 2004 parem
928 1955 984 1986 eum
995 1953 1046 1986 non
1060 1937 1135 1986 fuisse
1145 1959 1166 1986 ι.
1178 1937 1220 1987 ct.
1232 1955 1307 2003 snpra

228 2019 279 2068 Sed
292 2020 424 2084 precedit,
439 2029 488 2072 etc.
505 2023 544 2076 Dc
556 2021 666 2086 physicis
682 2021 745 2072 inire
787 2018 854 2084 §75-
865 2019 915 2068 Sibi
925 2019 1073 2084 respendere
1082 2029 1164 2068 autem
1175 2019 1198 2066 ie
1207 2019 1309 2080 dieitur,

230 2115 252 2148 c.
267 2099 310 2160 37,
321 2115 389 2164 seqq.
402 2099 433 2152 G..
787 2099 1005 2164 quidubitationee
1015 2099 1062 2146 eibi
1074 2100 1126 2162 ipse
1137 2098 1307 2160 abiectionem

266 2194 293 2244 9.
314 2179 361 2234 Bes
371 2175 429 2244 jem
443 2176 564 2228 universae
573 2179 743 2244 prefimdam,
786 2179 844 2228 ioco
863 2179 957 2241 injicit,
975 2177 1065 2242 quibos
1079 2177 1185 2238 solutis,
1205 2194 1262 2239 ree,
1278 2179 1308 2227 de

146 2315 152 2326 .
229 2257 364 2324 dequibus.
376 2258 460 2312 Deris.
471 2269 585 2310 uertente
591 2259 745 2326 profundam
787 2275 836 2324 que
853 2258 981 2324 disputet,
998 2257 1030 2306 eb
1045 2255 1114 2308 omni
1129 2269 1201 2321 parte
1219 2257 1310 2308 darios

229 2337 521 2402 addijubet.Accnratine
528 2356 585 2390 eene
593 2340 744 2405 poetDavie.
787 2349 812 2387 et
825 2338 962 2391 emunitus
975 2337 1105 2402 probetur.
1120 2337 1186 2386 Hine
1200 2353 1276 2401 snpra
1291 2337 1308 2388 l.

231 2417 261 2464 de
271 2417 320 2464 loci
331 2419 449 2466 sententia
461 2419 618 2482 cogitandum
629 2429 697 2473 eret:
710 2418 745 2468 ite
787 2417 806 2468 i.
816 2419 900 2466 eedem
912 2419 940 2465 in
953 2433 992 2476 re,
1001 2417 1077 2464 multe
1090 2417 1249 2483 Chrysippus
1261 2415 1309 2464 dis·

230 2495 341 2560 quiden‚
354 2498 410 2546 colo
425 2509 482 2546 ante
497 2498 528 2548 de
543 2497 629 2564 quibus
646 2498 744 2562 posito,
787 2497 883 2548 solvisse
902 2497 1003 2546 dieitur.
1024 2497 1057 2545 G.
1078 2523 1114 2534 -
1132 2496 1182 2544 tlte.
1199 2496 1247 2561 ips.
1263 2497 1310 2544 sibi

230 2591 282 2624 non
291 2577 366 2642 magis
375 2577 447 2628 etiam
455 2577 583 2628 obscurare
594 2588 664 2626 emet.
676 2579 746 2626 «Res
787 2594 851 2642 resp.
865 2575 937 2641 infer.
946 2575 1038 2642 fuisse.
1055 2574 1181 2624 Plutarch.
1199 2576 1227 2624 in
1244 2573 1308 2624 iibm

230 2657 352 2708 universes
378 2657 409 2708 dc
430 2657 546 2721 quibes·
567 2658 746 2706 accuratissime
788 2656 933 2721 derepugn.
948 2655 1305 2718 stoiconpreivitcioeroni:

230 2735 360 2793 oohemnt
375 2739 464 2788 &uene
479 2747 532 2796 eet,
550 2735 616 2786 «Ad
629 2753 675 2796 ee,
690 2751 745 2800 quea
788 2731 908 2792 limitrdeit
926 2727 991 2792 aitte
1007 2731 1121 2782 αυνιιπιῖν
1137 2736 1169 2799 τῇ
1186 2731 1307 2799 migr,

229 2815 288 2866 totie
298 2815 465 2868 voluminibus
476 2815 641 2880 disputentur,
653 2813 679 2864 in
692 2815 747 2866 uni·
789 2809 830 2866 καὶ
839 2813 892 2871 ταῖς
904 2809 1051 2871 eieiiieeeo,
1064 2805 1205 2880 irrisit-spec
1213 2829 1306 2884 meses

230 2911 340 2955 venum,
353 2894 641 2958 manducassemus
652 2895 747 2958 solent,
790 2893 873 2944 αὑτοῦ.
884 2893 922 2940 De
930 2907 957 2940 re
968 2907 992 2940 v.
1003 2907 1076 2954 snpra
1085 2907 1107 2940 c.
1120 2899 1165 2948 at.
1177 2891 1212 2942 Η.

231 2977 309 3034 fecte,
327 2974 474 3025 dientem».
489 2973 523 3022 G.
542 3000 577 3012 -
595 2974 661 3024 Bene
675 2975 748 3024 vertit
828 2975 869 3022 1³.
889 2973 927 3020 Ea
939 2982 998 3020 sunt
1013 2969 1141 3033 ejusmodi.
1159 2971 1241 3020 Etiam
1260 2971 1307 3020 boc

231 3053 366 3106 Cestiiioe:
377 3055 429 3104 «te
441 3068 507 3103 veux
516 3055 643 3117 percomis·
651 3069 681 3101 en
691 3069 748 3118 gms
789 3051 807 3100 l.
819 3049 996 3118 ejusdemmodi
1008 3048 1166 3100 scribendum
1179 3051 1306 3112 eeeejudi-

231 3145 287 3184 toes
300 3150 340 3186 cee
353 3131 450 3182 ertioiee
465 3131 509 3197 qui
527 3129 680 3198 templieseot
693 3143 745 3184 tant
789 3147 836 3192 oo,
853 3147 885 3180 ex
903 3131 1004 3194 vulgato
1021 3131 1087 3178 enim
1106 3129 1180 3178 iocre
1198 3127 1304 3194 unguet.

231 3213 262 3263 de
274 3214 383 3262 volumes
393 3232 415 3262 ι.
789 3211 903 3262 Ceterum
921 3219 1033 3274 spectant
1050 3210 1103 3260 imo
1119 3225 1195 3274 supra
1211 3209 1244 3257 ed
1261 3211 1304 3264 15,

270 3306 309 3340 ro.
328 3291 468 3355 Chrysiepe.
487 3289 642 3356 Chrysippus
656 3289 747 3340 librum
790 3297 833 3352 tp,
845 3291 877 3351 48
887 3325 895 3352 ,
904 3300 929 3338 et
943 3305 986 3351 η,
997 3289 1083 3340 sets.
1095 3290 1128 3338 G.

232 3365 262 3416 de
271 3367 363 3420 somnis
373 3367 512 3432 scripserat,
521 3367 604 3418 Dirin.
614 3370 639 3428 1,
651 3383 693 3429 ao,
703 3369 746 3432 39,
828 3377 868 3426 14.
887 3367 1018 3418 umorum.
1034 3367 1064 3418 Id
1082 3379 1134 3428 eet,
1153 3367 1307 3426 sobriomm,

231 3446 257 3494 in
272 3462 350 3510 eoque
358 3445 423 3494 banc
436 3445 639 3498 Academicorum
647 3459 746 3498 moten-
789 3449 908 3498 nonvisao
917 3459 1080 3514 peremtum.

232 3525 291 3576 tiam
307 3523 438 3576 ruiellmt.
452 3525 500 3579 Cli.
518 3525 581 3578 ibid.
592 3525 639 3576 lib.
650 3527 688 3586 11,
700 3526 745 3594 61,
828 3530 868 3580 15.
880 3531 961 3594 Quum
969 3537 1124 3592 experrectus
1132 3539 1203 3590 esset,
1212 3527 1306 3576 lenias

234 3605 293 3655 tati.
307 3604 340 3654 G·
788 3625 838 3659 nore
859 3607 952 3658 diceret
971 3623 998 3656 se
1022 3606 1085 3658 uid.
1102 3607 1179 3656 Hom.
1204 3607 1307 3656 om
1331 3631 1334 3640 ·

269 3681 656 3748 siceramqueraeosemurt.
663 3686 745 3748 refert,
789 3687 856 3736 det:
878 3709 891 3729 α
902 3705 929 3752 q.
946 3703 1003 3752 exp.
1023 3704 1045 3734 e.
1062 3686 1176 3746 Enniue,
1195 3701 1263 3745 eon,
1283 3701 1306 3732 ec

231 3785 243 3808 ι
254 3774 388 3826 contraque
397 3777 494 3812 omnem
503 3768 622 3814 rationem
630 3787 653 3817 a.
667 3769 699 3816 G.
788 3767 877 3816 vidisse
890 3771 963 3818 Hom.
973 3789 985 3812 ι
996 3767 1049 3826 Sic,
1058 3767 1150 3830 inquit,
1157 3767 1305 3830 emipdmm,

268 3861 309 3896 ta.
320 3845 405 3908 Ipsum
413 3841 459 3890 sibi
471 3844 668 3908 respondentem,
682 3845 745 3912 irase·
787 3857 846 3913 poet
860 3863 910 3898 eon
924 3847 1006 3896 deleto
1023 3845 1130 3903 diceret,
1147 3843 1217 3909 qnod
1235 3845 1262 3892 in
1275 3844 1305 3891 ir.

230 3925 318 3976 riorem
329 3921 418 3989 fttt'stt·
440 3921 508 3973 Sent-
524 3935 576 3984 eet,
593 3947 605 3968 ⁸·
616 3942 693 3990 quum
710 3927 743 3978 ita
787 3926 845 3978 cod.
861 3938 886 3976 et
898 3927 950 3978 Eri.
964 3942 1017 3976 non
1027 3935 1162 3990 comparet.
1176 3925 1242 3987 Qun
1253 3923 1303 3987 qoi-

230 4003 384 4068 Cbryeippus
410 4002 442 4052 ed
468 4002 652 4066 dubitationes,
683 4023 743 4070 ques
788 4007 843 4056 dem
853 4007 921 4056 verbi
931 4009 1005 4070 bujue
1017 4004 1120 4056 omieeio
1130 4003 1246 4054 brevitati
1259 4003 1304 4052 ioci

210 4123 214 4132 .
231 4094 316 4134 contre
334 4083 478 4148 perspicuis.
491 4091 540 4132 etc.
551 4081 597 4130 eibi
609 4083 661 4148 ipse
674 4086 742 4134 exci-
787 4087 911 4152 aptissime
925 4088 1048 4138 convenit.
1067 4086 1093 4138 Si
1108 4085 1202 4136 diceret
1217 4084 1250 4134 ab
1263 4099 1304 4132 en·
