2786 4674
229 379 301 452 626
571 376 618 443 Μ.
644 376 683 442 Τ.
709 375 951 444 CICERONIS

226 520 351 578 sumque
376 499 515 574 lacrymas
535 507 621 574 atque
641 495 790 566 sudorem,
812 507 841 553 et
860 506 1055 571 quotcumque
1078 493 1149 563 alia,
1175 495 1203 553 in
1226 511 1315 573 qnae

230 592 359 672 quotidie
374 609 480 669 corpus
494 587 664 646 resolvitur:
681 600 767 664 atque
781 587 843 644 haec
859 587 956 644 omnia
969 586 1160 646 iustrumenta
1174 587 1316 648 morbo-

229 704 308 756 rum,
320 680 438 761 quando
454 679 563 740 scilicet
576 678 691 756 sangaris
703 697 761 736 non
773 677 846 736 cibis
860 691 890 737 et
902 677 1020 757 potibus
1032 680 1188 738 secundum
1205 693 1315 738 natu-

229 793 300 845 ram,
309 770 359 832 sed
369 792 406 830 ex
412 769 563 830 contrariis
576 781 682 847 prater
694 781 805 828 naturae
819 769 895 848 leges
909 768 1048 828 excrescit
1057 792 1064 827 :
1073 771 1191 848 quando
1203 773 1318 850 igitur

229 885 297 926 caro
311 862 447 944 qualibet
457 860 671 920 circumciditur
680 861 800 938 ejusque
810 859 893 920 radix
906 873 1070 939 permanet,
1082 860 1202 921 dimidia
1215 883 1316 942 quae»-

230 958 297 1017 dam
307 969 351 1016 est
361 953 529 1014 calamitatis
538 952 683 1032 potentia3
696 953 780 1011 lacile
792 953 869 1011 enim
883 965 1076 1012 restauratur:
1089 953 1207 1030 quando
1222 975 1316 1013 vero

231 1049 310 1130 quod
330 1066 431 1107 carnes
445 1045 557 1104 ossibus
573 1045 681 1122 alligat,
699 1055 832 1123 egrotat,
852 1057 882 1103 et
898 1045 1014 1124 sanguis
1027 1063 1065 1104 ex
1081 1045 1138 1104 illis
1150 1065 1185 1104 ac
1196 1047 1316 1105 nervis

232 1141 361 1202 defluens
376 1136 455 1198 baud
471 1136 595 1215 amplius
614 1135 707 1194 nuuit
720 1154 784 1194 ossa
796 1155 947 1195 carnemve
961 1137 1099 1207 revincit,
1116 1136 1167 1195 sed
1177 1157 1214 1195 ex
1226 1139 1316 1216 pin-

232 1236 281 1313 gui
294 1246 324 1292 et
336 1232 481 1312 glutinoso
497 1247 596 1306 asper,
610 1229 715 1299 salsus,
734 1227 826 1286 siccus
835 1241 866 1286 et
876 1229 1023 1306 squalidus
1036 1229 1190 1307 iniquitate
1200 1231 1316 1288 rictrrs

232 1340 275 1385 est
298 1326 406 1384 sactus:
423 1337 492 1380 tunc
509 1334 588 1379 certe
605 1317 683 1398 quod
697 1319 794 1378 omnia
810 1319 865 1378 ista
883 1321 1061 1398 perpetitur,
1078 1319 1237 1380 abscissum
1264 1319 1315 1378 ab

233 1415 345 1476 ossibus
356 1413 410 1474 sub
426 1431 512 1471 carne
526 1411 680 1488 nervisque
694 1415 781 1490 riget:
798 1429 866 1470 caro
875 1411 961 1470 etiam
971 1431 989 1470 a
999 1410 1144 1472 radicibus
1157 1411 1315 1471 decidens

234 1509 328 1566 nudos
346 1505 484 1582 relinquit
504 1522 609 1562 neruos
629 1515 659 1560 et
681 1502 757 1561 salso
780 1501 921 1562 obductos
942 1502 1082 1574 humore,
1094 1517 1124 1563 et
1139 1503 1170 1562 in
1186 1489 1314 1562 fluente

234 1599 380 1679 sanguinis
396 1615 568 1676 permanans
578 1593 713 1665 morbos,
730 1614 803 1672 quos
820 1614 908 1672 supra
922 1595 1063 1664 diximus,
1074 1615 1194 1654 numeru
1208 1595 1314 1654 etiam

234 1693 333 1770 plures
344 1688 448 1747 reddit.
464 1693 574 1748 Graues
585 1685 702 1763 quidem
719 1685 780 1745 istae
791 1683 962 1764 corporibus
979 1687 1135 1766 passiones;
1147 1706 1215 1764 quat
1226 1707 1314 1747 rem

233 1783 285 1842 has
296 1779 480 1861 praecedunt,
491 1777 648 1836 admodum
657 1777 817 1855 graviores:
831 1777 949 1856 quando
959 1778 1092 1838 videlicet
1105 1799 1137 1836 os
1149 1779 1190 1837 ob
1200 1781 1316 1838 carnis

233 1873 451 1934 crassitudinem
467 1870 686 1946 respirationem
699 1889 757 1929 non
769 1867 859 1928 babet
872 1870 1074 1942 sufficientem,
1099 1871 1227 1949 ideoque
1243 1891 1315 1951 pu·

234 1966 354 2024 tredinis
373 1964 469 2024 calore
483 1975 620 2022 vexatum
641 1973 729 2039 atque
747 1961 908 2021 restrictum
927 1962 1062 2020 alimenta
1084 1983 1141 2021 non
1159 1964 1315 2042 suscipit,

232 2075 390 2135 rursusque
411 2056 505 2133 ipsum
520 2053 550 2112 in
566 2053 645 2112 illam
659 2065 761 2112 contm
777 2052 886 2112 decidit
904 2053 1098 2133 frigefactnm,
1115 2054 1164 2112 illa
1177 2075 1259 2113 rem
1277 2056 1315 2114 in

233 2169 364 2218 carnem,
388 2166 457 2205 caro
475 2147 506 2204 in
518 2146 685 2223 sanguinem
698 2163 797 2206 rursus
809 2144 969 2204 delabitur:
982 2146 1058 2204 rande
1070 2147 1193 2205 acriores
1207 2165 1315 2224 supe-

234 2239 360 2298 rioribus
369 2239 464 2298 morbi
472 2250 630 2298 nascuntur
641 2249 815 2296 :extremum
826 2255 895 2296 vero
906 2239 1034 2298 omnium
1044 2237 1221 2316 estquando
1239 2258 1313 2297 me-

233 2332 320 2390 dullae
339 2343 443 2388 natura
461 2343 581 2409 propter
602 2330 747 2388 delectum
770 2329 895 2407 aliquem
919 2343 971 2388 aut
991 2349 1136 2389 excessum
1156 2343 1311 2407 egrotat:

233 2424 302 2483 hinc
322 2420 399 2480 enim
413 2421 544 2478 omnium
562 2421 805 2481 vehementissimi
825 2422 907 2481 etad
924 2433 1046 2482 mortem
1064 2423 1313 2501 periculosissimi

233 2514 330 2576 morbi
345 2513 537 2593 proveniunt,
554 2523 622 2570 tuuc
636 2513 713 2572 enim
727 2514 821 2573 omnis
837 2533 976 2593 compago
990 2515 1121 2593 corporis
1133 2517 1314 2574 necessario

235 2608 401 2686 dissipatur.
413 2605 541 2664 Tertiam
553 2617 619 2682 post
634 2604 695 2663 baec
707 2603 875 2666 morborum
891 2605 1015 2684 speciem
1032 2605 1178 2685 tripartito
1192 2605 1313 2666 dividi-

234 2698 407 2760 mustellus
429 2697 505 2756 enim
528 2696 650 2774 spiritu,
667 2697 739 2755 alius
759 2697 881 2776 pituita,
907 2698 980 2757 alius
1004 2697 1065 2756 bile
1087 2711 1214 2757 creatur:
1233 2719 1314 2758 nam

235 2811 326 2872 quum
343 2787 462 2869 spiritus
482 2787 574 2867 ipsius
588 2801 684 2848 custos
705 2802 735 2847 ct
751 2791 833 2867 quasi
845 2791 1018 2868 penuarius,
1039 2791 1155 2869 pulmo,
1170 2789 1312 2850 distilla-

238 2885 316 2944 tione
333 2882 466 2942 occlusus
482 2879 575 2940 libera
588 2895 619 2939 et
636 2880 770 2960 expedita
783 2882 927 2960 spiracula
944 2881 1028 2942 nobis
1045 2903 1103 2942 non
1123 2881 1264 2956 exhibet,
1280 2897 1313 2943 et

236 2976 303 3038 hinc
315 2974 431 3053 quidem
443 2973 541 3032 nullus
555 2973 678 3032 mittitur
690 2973 818 3052 spiritus,
829 2974 909 3032 illinc
923 2993 994 3032 rero
1007 2975 1073 3052 plus
1083 2993 1166 3052 quam
1182 2987 1314 3052 oportet

237 3067 388 3145 accipitur,
404 3077 473 3122 tunc
487 3083 553 3141 qna
566 3063 755 3141 respiratione
766 3077 795 3123 et
806 3065 957 3142 refrigerio
973 3078 1087 3139 tarem,
1099 3081 1310 3126 marcescunt:

236 3159 315 3237 quod
332 3175 401 3215 uero
419 3155 559 3234 accipitur
574 3155 710 3228 nimium,
727 3175 781 3236 per
793 3177 881 3216 renas
895 3157 1059 3217 traductum
1070 3179 1117 3218 eas
1126 3171 1313 3237 contorquet

237 3248 440 3327 liquefacitque
451 3265 559 3324 eorpus
574 3247 635 3325 ejus
645 3245 675 3304 ln
690 3247 786 3308 medio
802 3247 991 3328 diaphragma
1003 3249 1128 3308 medium
1136 3249 1252 3308 seilicet
1267 3253 1312 3308 in-

238 3340 407 3419 terpositum
422 3358 567 3416 occupans
583 3359 590 3395 :
610 3338 678 3397 binc
700 3340 796 3400 morbi
814 3339 972 3400 admodum
992 3341 1105 3400 molesti
1126 3341 1218 3399 multo
1236 3363 1311 3402 cnm

239 3431 345 3489 sudore
356 3427 579 3488 innumerabiles
590 3429 742 3490 oriumnr:
756 3451 832 3510 sepe
850 3432 936 3490 etiam
957 3431 1034 3490 intra
1051 3451 1156 3511 corpus
1175 3431 1313 3494 discreta

241 3535 270 3580 ot
285 3525 425 3581 rarefacta
441 3541 527 3580 carne
546 3521 707 3580 muracitur
724 3523 859 3601 spiritus:
879 3525 931 3602 qui
944 3543 1033 3602 quum
1048 3525 1124 3584 lotas
1134 3523 1235 3603 egredi
1253 3547 1313 3586 ne-
1388 3501 1389 3530 ἢ

239 3625 343 3694 queat,
356 3613 473 3686 iisdem
496 3611 602 3691 quibua
619 3627 650 3672 et
662 3613 780 3693 ingressi
794 3615 910 3674 aliunde
924 3617 1059 3695 spiritus,
1072 3615 1221 3676 doloribus
1236 3620 1313 3677 alli-

239 3709 293 3766 cit:
308 3705 359 3766 sed
374 3704 538 3781 ingentibus
555 3719 623 3765 tunc
639 3707 741 3784 affligit
757 3705 926 3779 doloribus,
947 3707 1066 3785 quando
1084 3709 1181 3768 nervis
1198 3711 1314 3787 proxi-

239 3801 350 3877 misque
364 3796 474 3858 venulis
490 3796 679 3858 circumfusus
691 3797 753 3858 baec
768 3797 863 3872 inflat,
881 3811 910 3858 et
921 3799 1075 3878 ligamenta
1088 3801 1313 3880 continuosque

237 3911 342 3950 nervos
360 3911 377 3949 a
391 3899 472 3966 tergo
488 3888 612 3948 intendit
624 3902 711 3966 atquc
725 3889 880 3968 detorquet
891 3911 908 3961 ε,
922 3891 973 3969 qui
988 3911 1058 3952 sane
1075 3891 1170 3952 morbi
1184 3891 1223 3950 ab
1243 3893 1311 3972 ipsa

237 3985 404 4044 intendente
423 3995 453 4044 et
477 3980 595 4043 inflante
615 3983 748 4061 passione
769 3983 913 4044 tensiones
926 3998 957 4044 et
973 4003 991 4044 a
1005 3997 1086 4064 tergo
1103 3984 1313 4047 contorsiones
