2776 4688
236 351 284 438 aa
607 345 934 418 1mnonucno.
1002 395 1007 406 .

237 493 306 538 esse
328 466 619 536 accommodatum.
635 468 826 540 Decernunt
842 487 920 556 ergo
936 463 1003 552 (r),
1020 485 1163 528 «somnes
1181 463 1326 554 appeti·

238 581 344 643 tiones
361 599 430 641 esse
443 574 727 665 approbationes».
748 574 824 639 Fuit
841 575 951 661 itaque
972 572 1037 636 hoc
1054 570 1242 636 Stoicarum
1262 569 1327 634 ad-

237 706 349 751 versus
361 680 570 748 Academicos
584 679 842 771 disputationum
854 678 1053 768 precipuum
1064 693 1323 768 argumentum.

239 789 431 858 Plutarchus
439 785 486 876 (a)
498 786 636 874 :nAtqui
644 787 677 850 in
686 786 916 852 certaminibus
923 783 1076 850 adversus
1086 781 1324 863 Academicos,

240 896 402 987 plurimus
417 910 449 960 et
463 892 646 981 Chrysippo
656 891 717 982 ipsi
734 908 767 957 et
781 892 954 980 Antipatro
968 891 1059 955 labor
1074 907 1107 954 et
1122 905 1269 954 conatus
1280 886 1326 950 de

240 1025 280 1067 eo
290 1002 369 1084 luit,
386 1015 424 1064 ut
436 996 662 1079 ostenderent,
675 1020 737 1062 nec
746 1020 842 1087 agere
854 995 1053 1086 quidquam,
1067 1017 1129 1060 neo
1140 1011 1325 1084 appetere,

243 1107 429 1196 quempiam
447 1103 527 1168 citra
541 1103 761 1171 assensionem
780 1125 874 1192 posse
892 1125 900 1166 :
919 1101 976 1166 sed
992 1100 1146 1192 figmenta
1164 1115 1199 1164 et
1212 1121 1325 1164 vanas

242 1213 419 1301 positiones
439 1209 546 1274 dicere
560 1229 638 1293 eos,
663 1209 720 1298 qui
736 1208 870 1292 volunt,
896 1208 1007 1276 oblata·
1021 1206 1188 1296 phantffl
1208 1207 1265 1270 rei
1281 1203 1325 1268 ad

244 1336 394 1384 naturam
404 1314 668 1406 accommodatae,
680 1316 830 1405 protinus
844 1332 996 1405 appetere
1007 1336 1068 1378 nos
1080 1336 1147 1379 non
1160 1311 1325 1377 cedentes

243 1447 351 1512 neque
364 1422 611 1512 approbantes».
624 1422 749 1487 Tamen
759 1437 834 1511 post
844 1422 945 1487 multa
959 1437 1080 1486 tentata
1088 1403 1325 1484 machinarum

244 1551 378 1620 genera,
395 1529 564 1617 multaque
576 1529 751 1592 certamina
774 1527 867 1594 anxie
884 1527 1057 1610 decertata,
1075 1526 1157 1591 nihil
1179 1523 1324 1590 tandem

244 1637 285 1702 ab
308 1636 424 1700 Stoicis
446 1635 582 1724 aliisque
602 1634 807 1724 philosophis
833 1651 942 1700 actum
959 1633 1045 1699 idem
1062 1631 1262 1699 Plutarchus
1277 1629 1327 1718 (3)

244 1742 373 1826 scribit,
395 1741 453 1808 sed
477 1741 603 1806 firmam
636 1740 744 1806 adhuc
768 1758 801 1808 et
824 1741 1050 1806 inconcussam
1066 1739 1215 1830 epochen
1245 1760 1326 1827 per-

248 1851 419 1931 mansisse,
440 1871 547 1937 neque
563 1849 636 1912 loco
650 1871 808 1937 umquam
828 1849 966 1937 pulsam.
989 1848 1111 1912 Verum
1133 1845 1327 1934 prestiterit

244 1956 341 2020 verba
358 1956 426 2044 ipsa
440 1954 605 2019 Plutarchi
615 1953 816 2036 adscribere,
830 1977 902 2042 quae
916 1955 996 2018 mire
1006 1951 1055 2017 ad
1069 1975 1139 2017 rem
1151 1953 1325 2042 pertinent

247 2082 312 2148 qua
336 2058 378 2122 de
396 2061 533 2150 agimus.
560 2089 573 2115 a
587 2062 746 2124 Assensus
769 2083 847 2126 vero
871 2061 906 2124 in
925 2059 1015 2124 omni
1033 2081 1068 2124 re
1099 2059 1325 2126 retentionem

250 2162 307 2250 [id
323 2179 390 2246 est,
409 2165 556 2254 epochen
569 2164 600 2252 ],
613 2187 675 2229 nec
686 2165 709 2228 ii
722 2165 779 2252 qui
796 2165 936 2230 multum
955 2164 1078 2254 negotii
1094 2183 1272 2254 opereque
1288 2161 1323 2224 in

248 2292 320 2334 eam
331 2269 575 2359 impenderunt,
583 2271 686 2360 longis
699 2270 921 2336 voluminibus
934 2270 1086 2336 adversus
1098 2293 1169 2335 eam
1178 2267 1324 2358 scriptis,

250 2377 323 2440 loco
339 2375 459 2464 pellere
469 2391 615 2463 potuere.
626 2376 750 2440 Verum
767 2399 871 2463 quum
883 2399 943 2442 nec
960 2391 1090 2465 sumpta
1104 2375 1227 2463 abipsa
1244 2374 1325 2438 Stoa

250 2480 388 2571 Apraxia
409 2479 465 2566 [id
479 2497 553 2562 est,
580 2480 715 2545 actionis
740 2482 897 2546 universae
919 2481 1142 2570 privatione],
1160 2502 1197 2545 ac
1219 2478 1325 2544 veluti
1367 2467 1371 2478 ¹

250 2586 394 2652 Medusae
412 2586 516 2675 capite
533 2587 690 2652 intentata
715 2603 813 2675 atque
834 2604 963 2652 ostensa
986 2587 1161 2676 qtucquam
1180 2585 1325 2674 prolice-

251 2710 342 2777 rent;
368 2716 404 2757 re
424 2692 556 2758 tandem
580 2690 747 2780 desperata
772 2692 981 2776 destiterunt,
1008 2710 1181 2783 postquam
1209 2690 1324 2755 omnia

253 2799 375 2888 experti
390 2799 546 2886 omnique
562 2798 668 2887 lapide
681 2813 789 2881 moto,
806 2823 987 2888 numquam
1010 2798 1246 2889 appetitionem
1265 2794 1325 2860 ad·

251 2902 372 2967 ducere
395 2919 575 2992 potuerunt
599 2904 650 2968 uti
674 2926 822 2968 assensus
853 2904 923 2970 lieri
947 2927 981 2970 se
1006 2920 1189 2993 pateretur,
1214 2925 1280 2967 nec
1306 2923 1323 2964 a

252 3031 369 3089 sensu,
385 3009 611 3098 propensionis
629 3032 696 3074 suae
714 3010 845 3076 initium
861 3009 1031 3076 admittere
1045 3009 1163 3092 voluit;
1182 3009 1239 3074 sed
1257 3008 1324 3074 sola

251 3117 334 3206 ipsa,
347 3116 435 3181 nulla
447 3117 629 3182 accessione
644 3141 756 3208 egens,
768 3117 809 3184 ad
820 3115 1027 3184 alliciendum
1043 3134 1075 3183 et
1091 3115 1322 3212 deducendum

253 3221 294 3287 ad
310 3225 452 3288 actiones
468 3225 543 3294 satis
560 3222 677 3290 idonea
699 3242 749 3291 est
765 3241 958 3314 comperta».
976 3221 1040 3290 Sed
1063 3222 1105 3289 ad
1123 3223 1250 3288 minuta
1272 3220 1324 3284 illa

254 3329 438 3394 Stoicorum
450 3331 678 3396 revertendum
693 3331 788 3396 nobis
800 3347 858 3397 est.

300 3456 350 3498 aa.
376 3434 533 3521 Easque
561 3435 687 3500 radone
716 3437 884 3502 utentibus
909 3437 1091 3502 obveniunt
1116 3433 1324 3526 phantasias,

253 3549 346 3612 selune
366 3541 518 3629 appellari
540 3540 796 3626 adnotabamus;
810 3544 861 3608 hae
878 3543 944 3632 (4),
962 3561 1137 3634 postquam
1159 3543 1195 3608 in
1214 3553 1326 3608 mente

290 3810 329 3880 (r)
344 3811 421 3878 Apud
431 3812 555 3862 Stobaenm
568 3813 595 3862 ln
606 3813 703 3881 Eelogia
717 3815 790 3883 phys.
801 3833 858 3883 cap.
870 3827 921 3880 to,
934 3835 962 3886 p.
974 3820 1035 3870 ros.

291 3898 331 3966 (a)
346 3901 385 3948 Da
400 3899 540 3949 Stoicorum
549 3905 691 3953 contrariet.
702 3919 760 3970 pag.
776 3906 851 3968 1057,
861 3921 884 3956 a.

291 3986 330 4055 (3)
348 3986 472 4036 Adversus
486 3985 678 4055 Colotem,pag.
692 4007 776 4052 rraa,
789 4008 803 4039 a
816 3992 877 4042 aab.

291 4075 328 4138 (s)
343 4075 409 4124 Plnt.
423 4075 453 4123 do
462 4075 540 4128 stole.
550 4085 657 4127 contras.
669 4087 693 4127 et
707 4079 739 4128 de
751 4079 817 4144 plac.
828 4078 920 4130 Philus.
930 4080 973 4131 lib.
983 4085 1027 4143 Π,
1040 4099 1096 4148 cap.
1109 4099 1150 4132 rr.
