2762 4682
405 433 789 506 ARGUMENTUM.
1060 435 1124 504 113

147 553 184 608 lL
204 549 325 627 Physica
337 563 528 631 utrorumque
546 553 618 614 duas
634 571 731 634 partes
745 555 917 634 complecti,
944 554 971 612 1⁰
993 554 1030 614 de
1043 575 1129 616 causa

112 645 267 720 efficiente,
284 661 314 704 et
326 646 360 704 2⁰
385 648 422 707 de
435 651 564 710 materia.
578 651 692 722 Quibus
711 652 818 730 junctis
839 655 997 728 qualitates
1017 656 1129 726 enasci,

111 760 212 818 easque
222 763 312 820 quum
327 743 435 821 primas
448 759 478 805 et
489 747 648 827 simplices,
661 762 722 807 tum
734 769 770 806 ex
783 747 885 826 primis
898 761 976 808 ortas
989 763 1018 808 et
1026 751 1129 810 varias.

111 839 248 916 Inprimis
259 840 316 899 illis
328 855 452 918 quatuor
464 844 605 903 elementa
617 844 704 923 poni,
720 842 826 922 quibus
836 843 872 902 ab
884 844 1038 904 Aristotele
1047 849 1130 925 quin·

111 946 168 992 tum
181 932 322 1008 addatur,
335 939 433 1005 24-26.
448 939 599 998 Materiam
613 953 729 1013 autem,
743 939 789 998 his
801 940 949 998 clementis
960 939 1131 1019 subjectam,

111 1031 186 1090 omni
202 1045 232 1090 et
244 1033 342 1112 specie
361 1047 391 1092 et
410 1035 548 1112 qualitate
565 1056 686 1095 carere:
703 1035 754 1094 sed
772 1034 893 1094 iuduere
915 1055 979 1094 eam
1001 1037 1132 1098 facillime

112 1127 213 1186 formas
226 1149 342 1203 omues,
359 1146 389 1189 et
402 1151 507 1191 auare
520 1155 527 1190 ι
540 1153 603 1192 esse
617 1145 770 1204 aternam,
784 1131 951 1210 infinitoque
964 1133 1132 1208 secabilem

111 1243 228 1302 quasque
245 1247 284 1284 ex
304 1247 338 1285 ea
355 1243 540 1300 moveantur,
555 1249 591 1288 ea
611 1231 680 1287 item
706 1228 863 1288 intervallis
883 1229 993 1288 infinite
1008 1229 1133 1292 dividuis

113 1322 233 1396 moveri,
249 1343 298 1397 ²7·
313 1330 341 1382 A
354 1325 498 1403 qualitatis
512 1339 608 1384 autem
622 1325 799 1384 universati
813 1326 963 1385 materiam
976 1339 1066 1386 totam
1078 1349 1133 1407 pe-

113 1418 184 1477 nitus
205 1418 335 1498 pendere
351 1436 437 1499 atque
451 1422 493 1480 ita
512 1421 637 1501 singulas
652 1422 805 1500 qrralitates
829 1423 881 1501 (τὰ
897 1431 973 1497 ποιὰ,
984 1443 1013 1481 v.
1028 1445 1054 1482 c.
1071 1425 1134 1484 fcr-

94 1597 95 1604 Ὶ
112 1535 200 1592 mam,
215 1517 458 1597 magnitudinem,
477 1519 691 1594 extensionem,
707 1532 763 1577 etc.
777 1520 790 1596 )
805 1519 884 1578 oriri.
902 1519 975 1578 lude
992 1540 1134 1600 corpora,

112 1627 138 1670 et
159 1627 251 1674 totum
272 1615 369 1694 ipsum
392 1614 552 1690 muudum,
573 1616 624 1693 qui
639 1616 688 1674 dei
701 1615 868 1695 sempiterni
885 1629 915 1674 et
929 1617 1135 1696 omnipotentis

112 1711 246 1786 sapientia
258 1729 292 1769 ac
305 1711 489 1789 providentia
502 1710 696 1790 gubernetur,
712 1711 902 1788 sicquidem,
917 1725 951 1770 ut
964 1712 1013 1770 illa
1025 1732 1070 1772 res
1086 1733 1136 1770 cae·

113 1807 192 1866 leues
206 1828 271 1887 prta
282 1809 402 1881 ceteris,
418 1807 524 1867 deinde
539 1809 679 1867 humanas
692 1809 723 1865 in
738 1809 838 1879 terris,
857 1821 955 1881 curet,
970 1821 1057 1886 atque
1075 1823 1136 1868 tum

114 1907 193 1964 etiam
208 1907 256 1965 rel
273 1910 441 1976 necessitas,
454 1907 635 1974 velsortuna
650 1906 828 1984 appelletur,
846 1907 901 1975 all,
917 1925 966 1983 ²9·

147 2006 201 2061 111.
220 2003 446 2062 Dialecticorum
470 2022 588 2082 quoque
607 2021 789 2062 communem
811 2021 872 2060 esse
892 2003 1035 2062 rationem
1057 2003 1137 2081 apud

113 2113 255 2178 utrosque.
278 2102 416 2162 Veritatis
431 2102 580 2162 criterium
593 2122 611 2160 a
626 2099 757 2160 sensibus
770 2100 887 2179 quidem
902 2101 1063 2180 proticisci,
1085 2101 1136 2159 setl

114 2211 202 2258 mente
215 2219 316 2258 rerum
329 2199 359 2257 in
373 2219 472 2258 seusus
491 2199 658 2258 cadentium
668 2197 782 2276 judice,
802 2199 913 2277 quippe
925 2219 990 2277 quae
1008 2197 1048 2258 ob
1066 2198 1137 2258 sinr-

113 2295 212 2370 plicem
231 2307 381 2367 naturam,
399 2296 483 2370 cujus
497 2315 585 2355 causa
600 2301 670 2365 ldie:
686 2313 759 2353 voce
779 2296 951 2374 appelletur,
970 2295 1001 2353 iu
1014 2294 1059 2354 bis
1077 2296 1138 2353 sola

113 2389 162 2449 lide
177 2392 266 2470 digna
283 2393 328 2451 sit.
349 2397 455 2453 Sensus
470 2412 524 2471 per
540 2411 570 2450 se
583 2389 748 2451 hebetiores
764 2411 841 2464 esse,
865 2412 952 2470 quam
968 2404 1002 2450 ut
1019 2411 1066 2450 res
1081 2389 1137 2450 sibi

112 2485 265 2566 subjectas,
287 2500 347 2546 tam
362 2487 482 2546 subtiles
495 2487 662 2566 fluxasque,
681 2487 872 2566 perciperent.
884 2491 930 2546 Ita
942 2487 1138 2566 cognitionem

111 2584 265 2650 adsensus
288 2597 466 2662 spectantem
490 2603 588 2642 rerum
608 2603 670 2642 esse
688 2583 879 2663 opinabilium
901 2583 965 2662 (eus
990 2584 1136 2663 δοξαςῦν),

113 2681 164 2756 3ο,
178 2685 226 2741 31.
253 2681 409 2742 Seieutiam
423 2683 454 2740 in
473 2683 509 2740 iis
529 2678 699 2740 notionibus
716 2679 937 2758 rationibusque
956 2682 1043 2758 poni,
1070 2701 1136 2759 quaa

111 2779 168 2856 ipse
181 2800 218 2838 ex
235 2799 298 2838 sese
311 2782 423 2838 animus
440 2779 579 2838 hauserit.
602 2777 674 2837 Inde
689 2777 827 2854 probatas
841 2779 910 2854 ipsis
924 2777 1048 2837 maxime
1061 2777 1135 2836 deli-

112 2877 246 2948 nitiones;
261 2895 322 2934 non
334 2877 464 2954 neglecta
478 2890 574 2935 tamen
588 2873 745 2934 verborum
763 2874 971 2953 explicatione,
992 2876 1011 2933 i.
1028 2896 1055 2933 e.
1070 2889 1134 2953 ety-

112 2974 240 3051 mologia.
258 2975 445 3050 Argumentis
458 2972 584 3050 denique
598 2991 648 3030 ecs
669 2991 732 3029 csse
747 2971 829 3029 velut
841 2990 924 3042 usos,
943 2970 1049 3048 quibus
1062 2993 1135 3050 prc-

111 3069 204 3128 bando
218 3069 496 3147 concludendoque,
511 3068 591 3147 quod
606 3068 733 3136 vellent,
757 3067 951 3126 enuclearent.
970 3067 1046 3126 Huic
1059 3069 1135 3145 parti

112 3166 303 3246 (disserendi)
326 3168 446 3226 alteram
459 3166 629 3238 oratoriam,
647 3165 728 3243 quasi
749 3165 897 3234 comitem,
915 3162 1043 3222 additam
1059 3185 1135 3238 esse,

114 3265 164 3338 31,
179 3267 230 3324 32.
1056 3279 1057 3282 ’

146 3361 316 3422 Diseussisse
333 3380 382 3420 eos
396 3375 492 3420 eutem
507 3361 583 3419 iuter
597 3378 627 3417 se
643 3359 674 3416 iu
690 3358 736 3416 his
752 3358 886 3416 maxime.
903 3357 1032 3416 Primum
1048 3356 1134 3417 debi-

111 3460 201 3518 litasse
212 3459 398 3519 Aristotelem
409 3457 573 3517 Academiae
583 3456 689 3514 veteris
703 3455 918 3530 auctoritatem,
932 3455 1044 3532 rejectis
1053 3455 1135 3528 ideis,

110 3556 212 3634 quibus
227 3556 350 3614 nimium
370 3555 476 3614 laverit
497 3556 590 3613 Plato.
612 3553 689 3612 Illud
712 3553 802 3632 magis
815 3553 902 3612 etiam
922 3552 1022 3612 secisse
1035 3552 1136 3612 Theo-

110 3653 276 3730 parastum,
296 3672 386 3730 quum
404 3651 540 3710 virtutem
560 3649 598 3710 ad
611 3649 726 3710 beatam
742 3650 830 3708 vitam
847 3649 925 3708 haud
935 3649 1136 3721 ,sufficientem

110 3750 285 3822 declararet,
300 3751 353 3820 33,
368 3751 415 3819 34.
432 3753 596 3808 Stratonem
612 3761 707 3806 autem
721 3748 779 3806 huc
795 3765 855 3806 uon
867 3747 1033 3825 pertinere,
1046 3766 1136 3824 quum

110 3857 217 3906 mutum
242 3846 364 3924 physica
388 3846 525 3904 tractarit.
551 3843 665 3902 Veteris
690 3856 787 3902 autem
810 3841 991 3910 Academia,
1016 3843 1135 3921 proprie

111 3941 208 4014 datae,
223 3941 433 4022 philosophos,
446 3963 463 4002 e
474 3943 640 4021 Speusippo
656 3941 692 4000 ad
705 3945 894 4014 Crantorem,
909 3951 1042 4003 accurate
1057 3940 1135 3996 iniis

110 4043 281 4115 perstitisse,
295 4061 360 4118 quae
376 4039 413 4101 ab
431 4036 661 4099 antecessoribus
676 4037 780 4096 tradita
794 4037 966 4115 acceperint.
989 4040 1028 4094 At
1039 4040 1135 4094 Zeno-

113 4156 193 4209 nem,
211 4139 278 4200 licet
291 4135 370 4198 idem
383 4157 420 4196 ex
433 4137 533 4198 eadem
545 4134 704 4218 prodierit,
719 4133 894 4212 corrigendae
906 4131 992 4206 hujus
1005 4130 1135 4208 philoso-

167 4241 191 4305 l.
220 4253 265 4300 ca.
278 4265 335 4316 pars
349 4254 422 4299 tertia.
993 4228 1013 4294 8
