2748 4670
241 372 309 442 282
577 378 626 444 M.
652 377 691 444 T.
716 373 960 447 CICERONIS
1041 336 1045 342 ⁵

239 493 488 572 insimulemus
521 497 643 567 omnia
676 500 810 567 incerta
829 494 962 566 'dicere
975 491 1021 580 ²³,
1048 508 1307 592 quantumque

241 607 382 676 intersit
394 605 489 674 inter
500 605 696 694 incertum,
709 620 745 676 et
758 603 816 692 id,
830 603 927 702 quod
943 603 1078 701 percipi
1091 628 1164 673 non
1178 606 1306 701 possit,

241 713 371 786 «locere
395 729 584 804 conantur,
602 740 717 812 eaque
737 703 958 813 distinguere
968 718 1012 784 ²⁴.
1040 719 1133 785 Cum
1159 713 1216 784 his
1240 716 1298 810 igi·

241 839 302 894 tur
323 847 488 920 agamus,
511 829 576 922 qui
600 824 676 897 haec
700 825 946 922 distinguunt3
975 824 1072 912 illos,
1095 826 1159 920 qui
1183 826 1303 894 omnin

241 935 291 1004 sic
314 935 450 1004 incerta
475 932 622 1024 dicunt,
647 949 710 1024 ut,
737 934 921 1006 stellarum
948 958 1121 1005 numerus
1148 957 1237 1031 par,
1259 957 1303 1004 an

239 1042 354 1138 impar
371 1043 415 1112 sit
426 1039 471 1128 ²⁵,
490 1045 593 1139 quasi
618 1043 826 1143 desperatos
841 1043 982 1141 aliquos
992 1041 1025 1087 ²⁶
1040 1044 1303 1141 relinquamus.

237 1151 374 1222 Volunt
393 1153 491 1224 euim
508 1155 571 1250 (et
587 1153 659 1226 hoc
675 1154 822 1253 quidem
841 1154 898 1226 vel
917 1154 1069 1224 maxime
1086 1153 1310 1224 animaduer-

242 1257 363 1330 tebam
380 1283 445 1333 vos
457 1264 642 1360 moveri),
663 1263 851 1362 probabile
874 1263 1010 1361 aliquid
1028 1287 1121 1350 esse,
1144 1277 1183 1334 et
1201 1266 1305 1360 quasi

241 1371 450 1459 verisimile3
470 1397 585 1470 eaque
601 1398 639 1446 se
655 1376 709 1446 uti
724 1373 886 1472 regula²⁷
906 1388 943 1445 et
956 1375 994 1444 in
1011 1373 1148 1470 agenda
1163 1374 1258 1458 vita,
1272 1386 1307 1443 et

242 1479 281 1550 in
299 1481 493 1576 quaerendo
511 1507 552 1556 ac
570 1484 793 1556 disserendo

191 1605 224 1658 33
291 1595 353 1662 ΧΙ.
369 1585 461 1683 Ὀυαε
481 1595 549 1666 ista
565 1596 690 1692 regula
708 1606 797 1683 est¹‚
816 1597 846 1666 si
863 1595 1049 1666 notionem
1065 1595 1194 1663 veriet
1212 1590 1308 1672 falsi,

244 1716 435 1800 propterea
459 1704 559 1801 quod
586 1731 628 1778 ea
656 1731 733 1776 non
761 1718 913 1803 possunt
935 1705 1147 1788 internosci,
1170 1701 1308 1772 nullam

243 1810 444 1884 babemus?
468 1817 585 1904 Nam,
609 1815 638 1886 si
656 1813 869 1900 habemuse,
889 1816 1060 1885 interesse
1082 1825 1248 1909 oportet,
1268 1825 1311 1880 ut

244 2005 312 2069 quasi
322 2007 434 2065 iacetius,
444 2008 551 2068 iaciunt,
561 2025 637 2073 φιυω
647 2024 755 2074 eoasque·
798 2009 832 2056 tia
846 2007 1030 2056 remotissimae:
1048 2006 1084 2052 sic
1096 2005 1143 2052 Dei
1151 2015 1238 2052 contra
1253 2019 1311 2067 pro·

244 2093 349 2144 martur,
368 2096 438 2134 eto·
451 2088 483 2135 G.
798 2087 879 2152 prium
890 2087 977 2134 esseio
990 2085 1139 2150 psalmo,ut
1150 2083 1274 2130 stellarum
1286 2092 1310 2128 et

280 2165 321 2214 cs.
337 2164 410 2227 Quod
417 2181 457 2214 eos
468 2165 658 2214 insimulemus...
668 2165 754 2214 dicere.
798 2166 897 2215 uomina
907 2176 932 2214 et
945 2179 1071 2212 numerum
1083 2161 1151 2210 sciet.
1164 2188 1201 2198 —
1215 2161 1311 2224 Soepius

245 2243 275 2290 In
292 2243 381 2306 quibus
400 2261 431 2292 ne
449 2243 555 2306 haereas,
576 2259 630 2292 mos
651 2245 756 2292 auctoris
798 2245 847 2293 hoc
866 2244 978 2308 exemplo
997 2243 1074 2290 utitur
1091 2241 1191 2298 Sextus,
1206 2239 1239 2287 ad
1259 2255 1310 2288 rent

245 2321 378 2381 emendus,
405 2339 455 2388 quo
480 2338 631 2388 pronomen,
655 2322 755 2386 repetite
799 2323 939 2379 obscuram,
953 2335 977 2371 et
990 2323 1105 2370 incertam
1118 2318 1311 2384 designandam,

244 2397 401 2464 ponendum,
414 2401 441 2447 in
454 2401 520 2448 facili
531 2411 650 2448 contextu
663 2401 756 2448 omitti·
799 2417 875 2465 quum
885 2399 1009 2447 stelionem
1027 2399 1167 2446 micantium
1183 2413 1310 2446 nnmerum

245 2489 293 2525 tur.
307 2479 365 2526 Nat.
379 2481 454 2529 Deor.
468 2482 496 2540 1,
511 2481 554 2543 39,
570 2495 628 2542 109.
640 2479 673 2528 G.
799 2481 861 2528 inire
877 2495 949 2526 nemo
961 2477 1055 2545 possit;
1074 2477 1124 2524 vid.
1137 2476 1227 2543 Pyrrh.
1243 2481 1312 2540 Hyp.

282 2565 324 2613 at.
336 2559 429 2605 Docere
437 2571 568 2617 conantur,
579 2573 658 2622 enque
672 2555 756 2604 distin·
799 2558 879 2618 libi,
898 2574 921 2608 a.
938 2574 986 2620 773
1001 2559 1038 2616 11,
1059 2573 1079 2606 a.
1097 2571 1141 2620 9⁰,
1155 2573 1181 2620 p.
1194 2557 1243 2618 87,
1265 2559 1311 2604 1²·-

242 2651 326 2700 guem.
349 2636 483 2685 Dubitabit
505 2649 591 2685 auctor
615 2635 646 2684 de
670 2636 757 2684 docere
800 2639 862 2687 brie.
875 2639 953 2688 uuo.

243 2715 371 2780 perspicue
389 2717 487 2782 posito,
502 2715 643 2780 addiditque
660 2715 712 2763 baec
729 2715 756 2763 in
836 2719 880 2768 26.
895 2717 1006 2782 Aliquos.
1020 2716 1060 2765 sd
1073 2717 1145 2780 graeei
1161 2713 1221 2770 susis
1233 2730 1313 2762 exem·

244 2794 444 2859 explicationem,
456 2795 530 2859 idque
541 2797 623 2860 positu
634 2795 681 2860 ipsi
691 2793 756 2842 houd
801 2798 879 2862 plum.
893 2801 925 2848 G.

244 2872 399 2936 infrequenti.
424 2874 462 2922 Cf.
483 2875 556 2921 Tusc.
578 2877 606 2934 1,
630 2875 679 2934 13,
704 2875 752 2921 30:
837 2892 880 2938 ²7·
896 2873 1063 2940 anueseuti
1072 2868 1309 2940 reguinAEuiroirep

245 2951 334 3015 uquod
355 2969 426 3009 enm,
444 2969 517 3016 quem
539 2952 678 3014 dsseximus,
699 2953 756 3000 vitas
784 2953 885 3014 ,aistis
907 2955 1007 3022 χρῆσθαι
1027 2950 1147 3022 nptmpip.
1174 2951 1264 2999 Scribe
1285 2952 1309 2998 in

245 3029 380 3078 commodis
390 3032 510 3096 privatum
520 3031 673 3092 arbitramur,
681 3030 756 3095 idque
799 3035 838 3084 his
854 3033 926 3082 scioli
943 3043 1059 3098 peream,
1076 3047 1199 3095 escamque
1215 3031 1309 3094 sequuti

245 3109 332 3158 sentire
342 3131 356 3152 ι
371 3113 402 3159 G.
800 3115 941 3178 regulam»,
954 3124 983 3161 ut
1000 3129 1014 3160 e
1031 3112 1120 3160 uostris
1137 3110 1205 3158 Gud.
1226 3120 1250 3157 et
1267 3109 1309 3156 Dr.

281 3189 322 3236 25.
346 3191 403 3247 Par,
426 3207 460 3237 an
484 3189 620 3254 impersit.
639 3191 756 3253 Ignorant
800 3187 1308 3257 Vulgatamlr.cod.et‚utvidetur,liien.

245 3265 315 3314 etiam
328 3285 360 3316 ex
373 3273 462 3318 nostrie
479 3269 543 3319 Gud.
558 3269 589 3318 fr.
605 3267 662 3316 eod.
676 3270 756 3316 Wrat.
801 3283 865 3320 reete
877 3281 985 3319 tuentur.
996 3272 1028 3318 G.

245 3341 360 3405 glossema
370 3347 498 3406 neseiausr,
508 3347 575 3411 quod
585 3347 610 3394 in
620 3345 755 3395 aliiscodd.
836 3351 885 3400 xl.
910 3367 931 3398 r.
950 3351 1010 3413 Qum
1026 3347 1075 3394 isto
1088 3347 1173 3412 regula
1188 3355 1231 3393 est.
1246 3345 1308 3392 Gud.

244 3420 283 3469 his
304 3427 420 3486 assuitur,
441 3427 556 3492 quodque
577 3427 670 3490 primus
692 3435 757 3472 reete
802 3447 857 3478 cum
869 3429 952 3478 hmb.
966 3451 979 3470 a
988 3443 1043 3491 quse
1056 3435 1092 3474 est
1105 3425 1151 3472 ista
1166 3423 1248 3488 regula
1257 3446 1277 3480 ι,
1290 3425 1307 3472 ἰ,

246 3497 335 3549 delerit
348 3502 482 3554 Davisius:
504 3517 529 3554 ut
544 3503 610 3553 enim
623 3502 688 3551 idem
706 3513 758 3566 eat,
802 3526 824 3557 ρ,
839 3531 853 3551 a
864 3509 940 3573 qualis
959 3517 994 3556 est
1011 3507 1029 3556 i,
1042 3523 1062 3554 r.
1077 3525 1090 3547 a
1108 3506 1154 3551 Per
1171 3521 1196 3550 se
1215 3501 1309 3566 quidem

246 3577 315 3642 qood
327 3579 487 3629 verbicarius.
502 3583 532 3630 G.
545 3581 758 3630 -Olivetusdet
802 3587 867 3636 haud
888 3587 963 3646 mule3
988 3596 1012 3634 et
1037 3583 1067 3632 ad
1088 3599 1193 3646 gracum
1216 3581 1308 3630 dicendi

247 3657 359 3708 nescitur.
371 3661 400 3707 P.
416 3659 492 3708 Faber
503 3661 613 3710 defendit
627 3659 755 3718 nesciatur,
802 3683 894 3715 mmm
905 3663 1120 3714 „commodam
1130 3663 1268 3725 5011.an
1276 3663 1310 3708 η’.

173 3804 177 3810 ,
247 3737 355 3802 (15⁰3th
372 3738 421 3786 1¹⁰0
439 3739 556 3798 wilm,
576 3752 604 3789 ⁰2
622 3742 758 3788 Priwllnut
803 3747 873 3794 detur
893 3747 944 3792 baec
967 3744 1097 3791 verborum
1121 3740 1251 3789 collocatio
1281 3741 1310 3787 arl

246 3831 336 3882 vocat,
354 3821 487 3888 potentiale
505 3833 569 3870 recte
586 3824 694 3887 positum
710 3837 756 3886 pto
803 3827 935 3890 glossema,
948 3845 961 3866 ι
970 3823 1022 3870 reri
1033 3832 1057 3870 et
1068 3821 1120 3868 falsi
1129 3841 1151 3878 ι,
1162 3819 1232 3884 quod
1240 3819 1310 3868 codd.

247 3897 326 3947 «seiri
339 3916 390 3948 non
404 3910 483 3964 potest
495 3923 516 3950 n.
532 3903 658 3959 Ceterum,
674 3901 756 3958 addit,
803 3921 887 3953 omncs
901 3902 1063 3964 contaminat,
1082 3910 1148 3947 recte
1166 3897 1309 3946 sublatuma

247 3981 316 4044 quasi
337 3979 492 4044 proverbium
512 3979 561 4028 boe
583 3979 652 4027 valde
674 3981 756 4027 tritum
804 3982 938 4040 Litubium
955 3979 1042 4030 malea
1058 3975 1175 4026 Durando
1193 3977 1219 4023 in
1230 3975 1310 4024 verisi-

247 4057 314 4121 apud
328 4073 419 4123 graecos
433 4058 559 4108 dicebatur
573 4057 604 4104 de
617 4058 656 4104 bis
670 4059 754 4114 rebus,
806 4061 868 4110 milis
886 4069 1012 4107 mutatum
1027 4059 1060 4106 G.

249 4151 391 4202 quaranta
401 4141 539 4207 cognitione
550 4146 632 4187 nostra
641 4151 669 4185 ao
680 4136 755 4185 scien-
836 4157 861 4188 α.
875 4139 948 4195 Nom,
961 4137 983 4187 si
994 4135 1120 4187 latenas.
1132 4170 1137 4182 .
1150 4169 1157 4182 .
1172 4133 1255 4199 regua
1266 4143 1310 4188 est;
