2762 4656
260 331 524 438 ¹,toriniano
543 337 579 422 1,
601 337 735 406 usur
761 338 818 420 11,
844 340 901 422 24.
1054 339 1118 426 341

50 452 295 542 Alexinum²;
317 445 476 550 quorum
499 473 585 529 sunt
604 473 770 531 contorta
792 475 829 531 ct
849 459 1008 533 aculeata
1024 487 1123 560 qure-

51 559 134 632 dam
157 562 405 660 sophismata:
430 567 480 638 sic
501 568 605 638 enim·
622 567 850 667 appellantur
870 567 1013 642 fallaces
1034 595 1121 642 con-

52 671 300 744 clusiunculae.
330 672 399 744 Sed
424 677 514 773 quid
539 703 601 750 eos
625 678 808 776 colligam,
836 704 948 777 quum
969 679 1123 754 habeam

51 781 318 880 Chrysippum,
336 785 400 880 qui
412 783 538 860 sutcire
552 803 700 886 putatur
709 789 890 888 porticum
904 791 1123 866 stoicorum?

52 891 171 978 Quam
196 892 312 964 multa
328 892 388 964 ille
412 911 538 968 contra
562 879 709 988 densus,
732 923 841 996 quam
864 900 976 972 multa
997 913 1123 972 contra
1150 969 1154 976 .

53 1004 193 1100 omnia,
215 1027 296 1100 quae
315 1003 353 1072 in
369 1007 632 1081 cousuetudine
649 1009 854 1109 probantur
865 1007 892 1100 ³,
913 1009 1122 1082 dissolvitii

51 1109 146 1182 idem
169 1112 264 1182 mihi
284 1111 433 1211 quidem
449 1142 525 1189 non
545 1118 701 1210 videtur,
722 1119 784 1190 sed
801 1118 1000 1190 dissolverit
1014 1143 1120 1190 saue:

53 1237 147 1318 certe
175 1236 253 1294 tam
283 1222 397 1295 multa
425 1252 501 1298 non
524 1230 739 1327 collegisset,
764 1255 844 1329 quae
868 1253 935 1300 nos
955 1227 1123 1300 fallerent

53 1329 310 1428 probabilitate
330 1357 476 1432 magna,
497 1341 567 1410 nisi
585 1338 725 1412 videret
736 1335 761 1428 ⁵,
778 1339 834 1410 his
848 1343 964 1412 resisti
979 1365 1055 1442 nou
1068 1336 1119 1409 ia·

53 1441 115 1512 cile
134 1467 256 1540 posse.
286 1442 383 1534 Quid
406 1450 567 1544 Cyrenaei
593 1448 825 1549 [videnturl]
855 1451 1004 1521 minime
1031 1474 1120 1521 con·
1139 1464 1191 1530 7⁶-

53 1558 178 1654 tempti
201 1557 412 1662 philosophi
422 1555 451 1650 ⁶,
466 1561 530 1657 qui
544 1577 678 1660 negant
691 1585 768 1634 esse
781 1560 1002 1660 quidquam,
1020 1559 1120 1658 quod

54 1779 83 1814 sc.
95 1765 181 1814 atim.
202 1765 282 1818 Simili
294 1770 388 1820 ratione
400 1768 484 1834 paullo
496 1770 567 1833 prius
607 1780 710 1819 smstum
728 1770 799 1819 eliste
817 1780 885 1818 suut.
904 1769 971 1818 sext.
983 1768 1119 1832 limparis.

55 1857 94 1904 υ,
104 1844 137 1892 66
148 1859 156 1895 :
169 1867 185 1888 ι
195 1862 327 1912 numqueru
337 1865 353 1896 s
363 1848 464 1898 Philone
475 1848 564 1897 disces-
606 1850 761 1908 meth.11,s.
773 1851 829 1910 10⁸,
836 1865 887 1913 seq.
893 1846 1024 1912 Wytteuh.
1033 1848 1117 1912 Lugio.

54 1922 97 1984 sit,
106 1925 154 1972 nisi
166 1937 329 1990 posteaquam
339 1949 362 1989 ι,
373 1925 417 1976 uhi
427 1938 486 1976 aute
495 1927 564 1991 cogi-
606 1943 631 1992 μ
643 1930 734 1990 87-90.
746 1931 780 1978 Η.

54 2001 157 2054 tendum.
172 2004 308 2057 cuutvv.
320 2007 373 2070 VI,
390 2008 463 2072 epist.
478 2009 504 2057 δ.
528 2034 564 2046 -
642 2006 667 2054 3.
689 2007 750 2068 Qua
768 2004 793 2053 in
813 2021 879 2053 cous.
897 2003 1042 2068 probantur.
1065 2007 1115 2055 lut.

54 2081 169 2132 Smrsutis
192 2095 230 2132 est
251 2087 333 2134 minus
351 2085 470 2144 obscura,
491 2103 563 2151 quam
605 2083 694 2148 quibus
711 2084 737 2132 in
752 2085 876 2133 communi
889 2084 939 2132 rite
954 2083 1062 2132 solemus
1075 2101 1115 2134 ee·

53 2161 120 2209 verbs
134 2163 200 2228 ipen.
210 2164 563 2216 Seditiososhominesdixerst
604 2163 697 2212 sentiri.

54 2253 136 2303 cupra,
157 2259 237 2306 quum
260 2259 298 2291 res
319 2259 395 2292 novas
415 2255 561 2306 metirent,
640 2250 666 2300 t.
683 2243 762 2306 Quam
771 2241 848 2291 metita
861 2241 1116 2292 illeeoutraserrsus...

55 2317 132 2368 solitos
144 2338 179 2370 ex
191 2323 302 2386 antiquis.
311 2339 361 2372 esse
372 2323 467 2387 claros,
482 2335 506 2374 et
516 2341 562 2374 no·
599 2321 739 2387 probantur
744 2357 752 2382 ,
772 2321 898 2372 dissolvier
917 2321 1002 2371 Daris.
1023 2321 1116 2380 edidit,

54 2394 108 2446 biles
120 2401 189 2448 viros
206 2402 347 2459 nominete,
360 2419 423 2466 quos
438 2419 488 2451 suae
504 2420 561 2452 sen·
604 2401 769 2465 «probantur.
782 2399 1116 2459 stdnwlvtt.1dem,ere.·

54 2479 128 2528 teutiae
138 2489 253 2528 suctores
261 2480 381 2528 hsberese
388 2481 504 2532 dicerent.
514 2482 562 2532 iliu
603 2481 643 2528 cui
652 2480 815 2529 seDursndus
823 2481 963 2544 applicavit.
974 2481 1032 2527 Em.
1040 2500 1052 2522 ι
1059 2494 1118 2542 pro·

54 2555 223 2618 Saturninum,
241 2559 280 2607 vel
295 2559 502 2609 seditiosissimum
518 2561 562 2608 tri·
602 2558 708 2620 brutur3
721 2570 746 2609 st
760 2559 872 2608 dissolvit
884 2559 957 2606 idem.
966 2557 1031 2606 mihi
1048 2573 1090 2621 qu.
1101 2579 1115 2598 ι

54 2631 304 2701 hnuorum,exempli
314 2639 388 2702 gratie
399 2638 506 2704 appellat
514 2656 561 2704 pro
603 2637 713 2690 iliilsem.
734 2639 835 2688 edhresit
854 2641 882 2686 Ρ.
901 2639 997 2684 Menut.
1019 2645 1045 2684 et
1063 2637 1115 2685 Pet.

54 2713 166 2762 seditiosis
185 2715 315 2774 omuibus,
335 2718 379 2778 qui
396 2732 422 2764 ee
440 2719 561 2766 nerninem
602 2717 690 2776 Frbro,
705 2738 717 2760 ι
727 2716 883 2782 probantur?
893 2713 1082 2763 Dissolvitidem
1092 2736 1114 2763 ι.

54 2791 95 2838 uisi
103 2793 210 2855 chrum,
219 2793 266 2842 uisi
275 2793 384 2844 nobilem
392 2795 482 2844 imitari
493 2795 560 2846 dixe-
602 2795 648 2842 ilis
661 2795 719 2844 addi
731 2798 809 2859 possit
822 2793 861 2842 vel
873 2795 956 2858 potior
965 2791 1115 2856 Wopkeusii

54 2871 89 2918 rit.
101 2871 126 2918 P.
139 2875 234 2920 Fun.
601 2874 743 2934 conjecture
756 2895 767 2916 ι
777 2873 817 2922 Au
829 2871 939 2922 dissolvit
946 2874 976 2920 i·
992 2881 1016 2919 et
1029 2871 1115 2920 situli-

84 2965 108 2998 π.
115 2950 195 3014 Atqui
200 2949 397 3002 saumatis..
405 2953 559 3016 Alexiarous,
600 2953 648 3002 ltus
657 2953 798 3017 delecteris,
808 2951 894 3001 melior
904 2953 967 2999 sorte
976 2951 1048 2998 etism
1060 2949 1113 2998 haro

53 3039 94 3077 etc.
107 3033 177 3078 Seue.
193 3013 212 3074 ιι
224 3031 300 3094 Atqui
316 3032 451 3081 redonibus
468 3035 560 3100 Stilpo·
601 3032 685 3088 luerit,
699 3047 772 3094 quem
781 3046 869 3078 novem
881 3029 1018 3087 efferimus,
1030 3048 1043 3070 s
1052 3043 1112 3091 pro-

54 3107 101 3168 nis,
114 3120 161 3158 etc.
175 3109 212 3156 uti
226 3109 330 3171 licebat,
349 3127 403 3175 quer
418 3112 488 3161 vobis
503 3115 559 3164 setis
600 3109 826 3169 hantur‚dissolritl
837 3103 1043 3156 Dissolvitiidem
1051 3107 1113 3156 mihi

53 3189 136 3250 negotii
149 3189 312 3238 ineswurth:
326 3189 370 3238 sed
380 3189 493 3240 nolebam
507 3193 558 3242 istis
601 3205 625 3254 q.
635 3211 647 3232 ι
664 3189 713 3237 Sed
729 3189 812 3238 locum
826 3190 946 3252 integrum
957 3186 1113 3251 iudicemus,

54 3270 96 3326 uti,
107 3285 184 3332 quum
198 3285 249 3317 uon
261 3268 325 3317 inter
337 3269 415 3319 cleros
427 3282 454 3320 et
465 3271 559 3322 nobiles
601 3269 736 3334 respicique
748 3267 787 3318 his
802 3268 834 3316 ad
847 3266 936 3332 prioris
954 3266 1003 3314 diei
1020 3283 1113 3317 sermo·

53 3347 198 3398 sermm.
211 3344 328 3412 Stilponis
339 3348 414 3398 vitem
425 3349 482 3400 vide
492 3351 569 3416 apud,
600 3363 672 3406 nent,
684 3348 711 3394 in
721 3361 771 3411 quo
784 3362 814 3393 ex
827 3347 940 3394 instituto
955 3344 986 3394 tle
998 3360 1112 3394 mrum

53 3424 124 3476 hert.
135 3429 168 3484 Π,
178 3428 238 3490 113,
251 3438 278 3476 ut
290 3428 360 3476 etism
372 3427 486 3492 Diodori,
496 3431 558 3481 ibid.
600 3426 701 3476 veritate
715 3428 862 3490 disputatum
876 3435 934 3474 eret.
949 3427 978 3474 ln
991 3441 1041 3490 quo
1055 3425 1111 3489 qui-

52 3500 65 3566 S
79 3518 135 3556 trr.
155 3506 224 3555 Idem
238 3506 312 3556 etiam
324 3507 354 3556 ele
367 3507 473 3557 Aleaeiuo
480 3543 488 3569 ,
497 3508 558 3558 ibid.
601 3507 656 3558 dem
665 3509 731 3558 hsud
740 3505 899 3573 improbabile
908 3517 960 3564 est,
972 3506 1054 3555 dutum
1063 3505 1111 3554 hoc

52 3579 318 3655 §toptdteqipsredl
329 3585 424 3656 μίλιςα
437 3590 496 3656 reple
510 3588 559 3646 Zai-
600 3606 651 3638 esse
670 3588 827 3654 Chrysippo,
851 3586 921 3653 quod
936 3588 963 3635 in
980 3587 1018 3635 his
1035 3585 1111 3636 mults

51 3679 122 3729 rusu3
135 3664 163 3712 id
175 3665 244 3729 quod
256 3664 286 3715 de
299 3666 338 3714 his
349 3668 477 3732 Megaricae
486 3668 559 3718 disci·
601 3667 747 3717 dissolverit.
762 3668 793 3716 G.

50 3740 117 3803 plion
145 3743 303 3809 philosophis
329 3745 431 3796 valuisse
464 3748 559 3797 ridetur
637 3749 662 3796 5.
681 3746 738 3794 Nisi
756 3745 859 3796 adderet.
880 3747 984 3796 Goerens
1003 3743 1066 3796 dut:
1083 3742 1113 3792 eri

51 3821 558 3885 omuibus.G.-DeilloDiodoroCrouo‚
599 3827 703 3886 vident.

51 3910 72 3946 rt
84 3900 188 3950 Alexiuo
202 3919 228 3953 r.
240 3903 347 3952 Meiuers
360 3909 392 3965 V,
408 3906 448 3956 iil.
466 3906 554 3955 Gessit.
635 3907 660 3956 6.
675 3903 741 3976 Quid
753 3903 863 3966 Gyrsnoer'
876 3901 1049 3970 [videnum]
1064 3900 1110 3948 mi-

52 3977 75 4027 d·
86 3979 156 4034 Wtss.
166 3981 193 4030 iu
205 3983 249 4031 Gr.
263 3999 288 4031 u.
301 3985 329 4032 Ii.
340 3983 390 4032 vol.
403 3989 438 4046 11,
450 4001 477 4051 p.
491 3987 558 4050 638,
600 3983 665 4033 nime
686 3985 819 4050 contempti
833 3983 981 4051 philosophi.
1007 3983 1110 4030 cums

52 4061 165 4124 seqqubi
180 4061 291 4128 exemplu
306 4063 468 4114 eeuleetorum
477 4064 557 4130 sophi·
601 4064 666 4114 delet
683 4064 806 4116 uidentur.
825 4066 899 4114 Plane
922 4063 997 4121 isoio,
1016 4059 1109 4123 iuquit.
