2764 4688
243 352 314 434 204
585 349 962 422 INTRODUCTIO

237 471 440 552 Antiocheis,
457 471 567 560 quoad
580 494 633 536 eas
646 493 720 536 suas
733 471 839 536 facere
855 484 1002 560 poterat,
1020 491 1060 534 ex
1075 467 1191 534 eadem
1209 471 1312 559 patris

233 564 419 667 disciplina,
431 576 616 658 refutarets
634 599 683 642 ra.
697 576 929 642 Defensionem
946 591 1056 640 autem
1068 572 1214 664 duorum
1231 577 1313 642 isto-

237 705 312 748 rum
335 683 514 773 suscepisse
529 681 683 748 videntur
696 683 809 748 Cicero
827 699 860 748 et
878 683 1088 764 Hortensius;
1101 681 1146 746 ita
1159 681 1312 770 quidem,

236 805 275 855 ut
291 789 359 873 ille,
377 791 496 880 pariter
514 805 613 878 atque
627 790 662 855 in
679 790 835 874 Lucullo,
855 789 1001 855 Philonis
1020 803 1127 877 partes
1144 804 1312 870 tueretur,

235 911 268 962 et
285 912 372 978 tum,
394 895 463 960 loco
480 919 545 960 non
564 902 739 960 necessario
759 895 925 984 (habebat
941 896 1029 960 enim
1045 894 1313 959 consentientem

236 1002 496 1091 adversarium),
519 1019 586 1068 tam
604 1005 706 1069 multa
724 1020 838 1070 contra
860 1025 974 1068 sensus
997 1001 1195 1091 disputaret3
1212 999 1314 1082 vids

237 1131 300 1197 79,
316 1109 365 1173 cll.
384 1115 402 1190 S
419 1106 531 1176 56·60.
558 1109 771 1174 Hortensium
790 1125 900 1174 autem
917 1108 1071 1174 Antiochi
1089 1108 1250 1191 rationes,
1278 1123 1314 1170 et

236 1237 289 1279 eas
306 1215 441 1304 quidem
459 1215 618 1299 maxime,
644 1214 765 1305 quibus
792 1217 846 1281 hic
870 1216 906 1280 in
935 1215 1032 1295 Saso,
1066 1213 1169 1297 libro,
1194 1230 1314 1278 eontm

235 1320 435 1388 Carneadem
450 1343 530 1386 usus
544 1337 627 1405 erat,
639 1321 844 1410 exposuisse,
857 1344 897 1387 ex
912 1343 952 1386 eo
966 1322 1041 1386 satis
1052 1320 1222 1412 probabile
1236 1318 1315 1384 red·

235 1425 334 1509 ditur,
351 1425 443 1516 quod
455 1427 538 1509 hies
554 1449 612 1509 10,
628 1429 713 1517 plus,
724 1451 824 1516 quam
832 1427 939 1511 vellet,
952 1426 1065 1494 fecisse
1078 1426 1188 1510 dolet,
1203 1449 1313 1516 quum

235 1557 286 1600 res
305 1547 373 1600 tota
394 1533 529 1601 Lucullo
543 1537 670 1625 integra
689 1539 810 1602 servari
829 1536 1005 1602 debuisset
1024 1537 1074 1600 Ita
1093 1557 1190 1617 sane,
1219 1533 1315 1624 quod

235 1641 310 1706 alias
321 1639 484 1706 difficilius
500 1659 672 1732 perspectu
682 1643 801 1725 merit,
818 1665 877 1709 sua
886 1658 1002 1733 sponte
1016 1641 1228 1730 intelligetur,
1243 1663 1315 1729 quo

235 1746 337 1812 modo
355 1763 438 1830 tres,
457 1763 572 1814 contra
589 1749 748 1837 reliquam
766 1749 835 1814 fere
855 1748 1059 1839 dialogorum
1076 1747 1315 1812 Ciceroniano·

233 1876 309 1919 rum
322 1855 593 1920 consuetudinem
605 1905 615 1939 ,
628 1857 721 1944 qussi
735 1854 903 1944 primarias
917 1869 1025 1944 partes
1041 1855 1126 1918 tueri
1142 1853 1264 1918 eodem
1278 1853 1313 1916 in

234 1959 319 2023 libro
335 1961 522 2048 potuerint:
537 1983 641 2049 quum
657 1961 733 2024 alias
750 1962 945 2048 plerumque
967 1983 1036 2024 uno
1055 1958 1241 2023 adversario
1259 1981 1313 2022 res

233 2064 440 2154 transigatur.
461 2067 617 2131 Lucullus
635 2081 746 2131 autem
765 2066 830 2130 hoc
845 2067 880 2131 in
899 2088 1050 2131 sermone
1066 2065 1315 2129 interlocutos-is

113 2222 119 2228 .
233 2168 336 2234 modo
352 2192 524 2257 personam
542 2171 751 2246 sustinuisse,
773 2187 872 2260 atque
890 2171 999 2234 suain
1015 2169 1202 2258 proximum
1221 2169 1314 2234 diem

234 2297 412 2340 reservasse
428 2273 567 2359 videtur,
587 2282 606 2357 S
628 2300 677 2342 ro.
738 2268 739 2282 ¹

279 2382 330 2446 Ita
340 2381 473 2470 quidem
487 2381 538 2446 via
550 2383 642 2471 qussi
654 2383 814 2448 sermonis
832 2383 948 2463 hujus,
967 2396 1128 2470 quantum
1142 2403 1183 2446 ex
1196 2383 1316 2469 paucis

232 2487 320 2571 istis,
338 2511 412 2576 quae
428 2504 568 2572 restant,
590 2489 730 2580 vestigiis
747 2489 880 2571 licebat,
902 2486 1067 2577 expedita,
1084 2485 1175 2552 haud
1190 2510 1315 2576 parum

234 2594 314 2659 lucis
328 2593 370 2658 ad
385 2596 512 2685 plenius
526 2595 568 2660 de
582 2597 739 2676 Lucullo,
759 2597 816 2686 qui
836 2610 999 2685 superest,
1015 2594 1176 2676 judicium
1200 2597 1315 2662 feren-

233 2699 314 2764 dum
330 2702 484 2766 exoritur.
500 2701 576 2768 Non
592 2703 680 2767 enim
695 2701 834 2792 amplius
853 2701 1022 2767 miraberis
1036 2717 1101 2784 tot,
1120 2701 1244 2789 quibus
1259 2725 1315 2766 re-

232 2807 386 2872 centioris
409 2805 588 2874 Academiae
610 2824 727 2873 natura
743 2808 924 2874 accuratius
942 2806 1167 2897 perspiciatur,
1189 2808 1226 2872 in
1245 2807 1316 2873 hoc

231 2911 283 2977 vel
300 2913 386 2978 sicco
406 2913 488 3003 pede
509 2935 578 2980 esse
599 2915 780 3004 praeterita,
805 2915 855 2980 vel
873 2913 1075 2979 transeundo
1093 2914 1235 2998 monita,
1260 2915 1316 2979 vel

219 3016 374 3108 ,denique
387 3020 490 3084 verbo
506 3036 634 3086 tantum
651 3021 801 3086 indicata.

275 3123 340 3190 Sed
355 3148 414 3214 age
438 3125 507 3191 haec
530 3127 618 3215 ipsa,
636 3143 798 3214 quantum
822 3122 1030 3203 conceditur,
1047 3125 1146 3215 paulo
1163 3126 1314 3214 pressius

231 3251 475 3317 persequamur.
483 3231 632 3296 Primum
643 3231 831 3297 recentioris
837 3230 1017 3297 Academiae
1031 3247 1130 3320 caput
1141 3229 1182 3296 de
1193 3229 1315 3297 fraude

233 3355 389 3399 sensuum
405 3353 473 3402 erat
484 3362 492 3404 :
505 3339 540 3402 in
557 3362 625 3427 qno
637 3338 818 3404 Carneades
830 3338 985 3404 Arcesilae'
996 3339 1138 3403 rationes
1155 3338 1314 3404 subtilius

236 3439 437 3526 elimaverat3
459 3445 501 3508 cf.
525 3445 687 3510 Tennem.
714 3442 899 3510 Gesclticltte
923 3445 984 3510 der
1005 3445 1127 3510 Philus.
1148 3461 1227 3509 tom.
1252 3445 1316 3527 IV,

233 3569 266 3634 p.
280 3543 345 3610 336
363 3569 452 3637 seqq.
476 3550 541 3614 Has
559 3567 668 3616 autem
685 3551 770 3642 ipsas
792 3575 811 3615 a
832 3551 948 3616 Catulo
965 3552 1075 3641 priore
1092 3552 1127 3615 in
1145 3551 1231 3616 libro
1253 3573 1314 3617 ae·

232 3667 343 3718 curate
359 3654 459 3718 fuisse
476 3675 654 3736 enarratas,
674 3659 857 3722 luculenter
875 3656 1085 3742 e1542,43
1101 3659 1312 3748 perspicitur.

231 3758 376 3822 Auxerat
390 3779 442 3822 eas
459 3759 555 3824 etiam
573 3763 687 3828 Cicero
705 3763 774 3827 aliis
793 3760 989 3851 quibusdam
1003 3762 1201 3844 rationibus,
1216 3761 1313 3828 haud

230 3860 331 3926 dubie
338 3861 537 3928 Philonianis
548 3886 555 3928 :
567 3888 647 3953 quas
657 3890 762 3956 quum
772 3865 1097 3954 Lucullus(Antiochi
1106 3865 1197 3931 haud
1207 3865 1312 3932 dubie

230 3967 399 4058 exemplo)
432 3969 646 4060 negligentius
670 3971 1036 4062 preterisset,'lacerari
1064 3971 1142 4037 inde
1175 3995 1310 4038 eausam

232 4075 379 4159 querimr
393 4079 411 4158 §
425 4098 479 4164 79.
489 4075 553 4142 Sed
568 4078 733 4166 tetigerat,
746 4079 807 4143 nisi
824 4080 926 4160 fallor,
938 4079 1144 4160 Hortensius,
1162 4097 1310 4167 exparte
