2776 4688
286 376 324 450 P.
347 381 588 454 VALENTIAE
611 381 894 457 ACADEMICA.
1074 398 1118 485 77

59 501 160 566 tatto
169 509 390 591 aperispastos
402 520 434 567 et
439 505 681 592 periodeumenc
690 506 796 572 simul.
809 507 1000 598 Exemplum
1011 525 1119 576 autem

57 608 226 695 phantasiae
243 631 316 696 quae
335 607 607 696 periodeumene‚
632 631 693 674 nec
709 627 815 674 tamen
831 613 1043 701 apetispastos
1060 617 1119 699 sit,

58 737 92 776 ex
105 712 275 803 Euripidis
290 712 448 778 Alcestide
465 712 512 802 (t)
529 737 658 780 sumere
675 732 732 780 est.
747 715 911 780 Mortuum
928 718 1068 784 Alcestin
1083 743 1121 786 ac

59 819 223 883 humatam
243 807 399 884 Hercules
415 843 433 883 a
449 821 586 884 mortuis
605 837 753 903 revocat,
771 843 809 885 ac
827 820 967 886 Admeto
990 825 1122 908 marim,

57 941 88 986 ut
108 948 181 1013 quaa
203 925 266 1004 alia
283 925 400 990 mulier
421 926 478 1008 sit,
491 923 682 990 servandam
698 926 806 992 tradit.
824 925 997 1010 Admetus,
1012 931 1122 996 uxoris

58 1030 173 1096 visione
190 1033 383 1120 perculsos,
399 1053 433 1096 rc
450 1030 622 1120 diligenter
637 1032 844 1120 perlustrata,
862 1033 1063 1122 phantasiam
1076 1055 1124 1104 at··

58 1138 234 1202 tentissime
252 1139 412 1202 examinat
436 1139 573 1202 :omnia
595 1139 822 1202 conveniunt:
849 1139 906 1204 sed
931 1141 988 1227 qui
1013 1141 1123 1208 credat

58 1265 120 1305 eam
134 1267 226 1326 esse,
244 1267 343 1331 quam
365 1266 468 1333 nuper
481 1244 550 1335 ipsc
563 1243 748 1334 sepelierit?
766 1245 966 1311 Simillimam
975 1246 1122 1330 judicat,

58 1371 163 1414 verum
179 1351 301 1414 aliam:
329 1363 501 1432 πιριισπᾱτο,
528 1349 562 1414 id
578 1368 647 1433 est,
666 1351 904 1430 distrahebatur
916 1353 1004 1418 enim
1019 1355 1121 1443 ipsius

59 1456 178 1520 animus
198 1456 374 1544 opinione,
393 1457 435 1520 ita
456 1473 494 1520 ut
510 1457 719 1545 quantumvis
738 1457 864 1546 singula
884 1461 1120 1541 convenirent,

60 1561 186 1626 minime
209 1562 296 1626 hanc
316 1563 457 1627 Alcestin
484 1563 586 1651 ipsam
612 1578 754 1650 putaret,
778 1585 814 1628 ac
829 1586 889 1628 nec
905 1565 1123 1653 suspicaretur

60 1665 197 1752 quidem.
216 1669 294 1732 Erat
310 1669 408 1757 igitur
423 1669 591 1757 phantasia
606 1667 659 1733 illa
673 1670 748 1734 satis
768 1669 1037 1757 periodeumene,
1054 1691 1122 1737 nott

61 1771 268 1862 aperispastos
283 1789 401 1838 nmen.

99 1877 147 1942 51.
167 1881 230 1944 Est
246 1902 323 1968 ergo
344 1877 614 1946 Academicorum
637 1869 812 1946 Criterium
826 1891 951 1961 petrucio
964 1892 1068 1956 mccvi,
1088 1866 1123 1952 ld

62 1999 118 2064 est,
132 1984 251 2048 Visum
269 1985 450 2073 probabile.
466 1985 608 2051 Galenus
624 1985 825 2074 phantasiam
847 1985 1048 2074 probabilem
1064 2009 1122 2074 pe·

62 2088 288 2154 tiodeumenen
312 2107 345 2155 et
359 2093 600 2180 aperispaston,
625 2092 799 2156 Criterium
814 2089 1009 2156 Academicis
1023 2092 1123 2158 fuisse

64 2195 163 2260 scribit
179 2219 188 2259 :
204 2194 297 2284 quod
310 2195 397 2262 dicta
411 2219 429 2260 a
448 2197 543 2262 nobis
559 2197 684 2262 ratione
702 2195 936 2286 accipiendum.
956 2197 1124 2287 Galeni(a)

63 2299 149 2366 terba
157 2299 254 2366 altius
265 2301 400 2389 repetita
414 2299 596 2365 adscribere
608 2301 818 2368 commodum
832 2301 984 2366 duximus
1001 2325 1008 2367 :
1024 2333 1037 2359 a
1046 2303 1122 2366 Non

21 2407 25 2414 '
64 2403 150 2490 igitur
165 2421 284 2494 practer
308 2407 468 2472 rationem
502 2406 635 2495 quidam
662 2409 846 2472 existimant
873 2408 1032 2497 integram
1049 2431 1124 2474 exa·

64 2525 202 2599 mamque
220 2512 375 2577 similium
395 2529 492 2600 atque
511 2513 714 2578 dissimilium
733 2514 953 2602 cognitionem
976 2513 1124 2580 sufficere

65 2614 99 2676 ad
117 2641 356 2705 quamcumque
378 2635 479 2684 artem
503 2642 542 2683 ex
561 2619 718 2683 methodo
736 2617 924 2684 tradendam
949 2636 981 2683 et
1001 2621 1124 2685 consti·

66 2724 207 2787 tuendam
226 2724 414 2812 :siquidem
437 2725 505 2790 haec
524 2724 566 2788 ad
594 2748 629 2789 ea
649 2727 774 2812 quaein
793 2726 1044 2804 controversiam
1065 2746 1121 2789 ve·

66 2827 165 2909 aiunt,
183 2827 357 2910 judicanda
375 2830 449 2894 satis
462 2829 577 2894 idonea
594 2847 662 2894 cst:
678 2853 781 2918 quum
798 2831 886 2895 enim
902 2852 1015 2922 magna
1033 2831 1122 2895 sitni-

67 2931 158 2998 litudo
173 2936 216 2998 sit
234 2935 472 3023 probabilium,
494 2935 634 3000 sednon
651 2959 800 3000 verarum
821 2937 984 3002 rationum
1005 2936 1045 3000 ad
1066 2959 1118 3000 eas

67 3059 128 3124 quac
148 3063 258 3104 revera
276 3064 358 3104 verae
375 3059 471 3121 sunt3
494 3041 551 3130 qui
570 3039 611 3104 ad
624 3041 682 3104 has
695 3042 736 3106 ab
750 3043 888 3106 invicem
907 3040 1119 3106 secernendas

68 3147 199 3229 peritiam
223 3148 266 3212 sit
286 3163 521 3236 consequutus,
549 3148 718 3212 manifesto
735 3149 815 3212 sciet
837 3163 996 3235 quantum
1026 3169 1120 3234 opor·
1215 3164 1219 3172 ’

68 3263 122 3314 teat
135 3252 293 3335 decretis,
319 3253 369 3316 uti
384 3253 488 3333 veris,
507 3251 603 3316 fidem
622 3255 764 3334 habere,
790 3269 1014 3340 quantumque
1033 3251 1117 3339 ipsa,

69 3355 108 3416 uti
124 3358 218 3438 falsa,
240 3358 429 3447 reprobare,
446 3374 672 3446 quantumque
693 3357 727 3420 id
743 3357 832 3444 quod
858 3356 1024 3445 probabile
1046 3373 1119 3440 est,

69 3459 234 3543 incertum,
262 3485 360 3549 quam
380 3463 539 3526 rationem
565 3461 802 3526 incertitudinis
830 3461 973 3542 habens,
989 3460 1031 3524 ad
1050 3463 1120 3542 ejus

70 3565 146 3650 quod
160 3584 210 3631 est
223 3567 434 3655 improbabile
453 3567 697 3632 similitudinem
715 3565 861 3648 accedat;
885 3567 968 3631 sicut
985 3583 1018 3631 et
1032 3569 1064 3630 in
1081 3567 1118 3630 iis

70 3691 131 3754 quae
145 3672 228 3736 inter
243 3694 278 3736 se
296 3673 362 3736 sint
385 3673 518 3759 aequalia
543 3671 628 3759 [nec
646 3673 712 3736 ulla
735 3669 995 3736 dissimilitudine
1013 3693 1119 3735 secer·

71 3779 204 3866 nanntr],
221 3801 279 3842 seu
289 3779 375 3843 inter
386 3778 463 3860 duo,
479 3801 537 3842 seu
550 3779 636 3842 inter
647 3779 727 3859 tria,
739 3793 795 3842 aut
804 3777 889 3840 inter
902 3776 993 3865 plura
1006 3776 1120 3855 hujus·

101 3957 135 4022 (ι)
151 3965 206 4008 Act.
216 3963 248 4008 v.

102 4043 137 4108 (π)
149 4048 184 4094 Be
198 4049 294 4098 Placitia
308 4049 430 4114 llippocr.
441 4058 465 4098 et
476 4047 539 4098 Pht.
549 4045 593 4096 lib.
603 4049 660 4107 11,
680 4062 735 4111 cap.
748 4063 773 4110 7,
786 4061 842 4111 pag.
857 4045 906 4094 265
914 4080 923 4105 ,
941 4045 964 4104 f,
984 4053 1009 4091 et
1018 4042 1082 4102 266,
1094 4057 1124 4100 a,

77 4138 127 4180 lom.
138 4133 167 4180 V.
