2784 4662
299 374 548 446 ACADEMIC.
573 377 608 456 Ι,
635 372 769 442 LIBER
793 374 844 459 ll,
872 369 928 442 32.
1077 373 1143 448 381

74 520 206 574 seusus
223 495 326 570 aliter
343 495 515 583 dicimus,
537 519 579 568 ac
598 495 719 580 stoici3
738 495 803 591 qui
825 494 938 568 multa
961 495 1048 570 salsa
1072 524 1149 572 esse

75 608 228 696 dicunt,
260 607 441 711 longeque
470 604 572 678 aliter
600 629 638 678 se
663 603 820 694 habere,
843 628 885 678 ac
910 607 1075 682 sensibus
1096 613 1149 680 vi-

76 719 248 792 deantur.

129 832 277 900 XXXII.
299 832 377 900 Hoc
394 839 516 897 autem
538 825 569 895 si
589 826 637 896 ita
655 824 719 911 sit,
743 838 784 895 ut
806 849 922 897 unum
941 826 1052 898 modo
1070 850 1151 900 sen-

78 938 183 1011 sibus
207 935 338 1010 ialsum
360 935 546 1008 videatur¹
567 963 575 1004 :
595 949 726 1031 praesto
748 949 820 1023 est,
843 937 907 1034 qui
927 951 1052 1034 neget,
1074 963 1152 1010 rem

78 1047 195 1120 uliam
219 1047 358 1146 percipi
375 1068 481 1143 posse
501 1044 678 1117 sensibus.
703 1048 775 1132 Ita,
800 1044 905 1137 nobis
928 1045 1152 1136 tacentibus,

80 1185 128 1232 ex
158 1183 236 1230 uno
265 1157 411 1255 Epicuri
440 1157 579 1253 capite,
604 1154 718 1226 altero
745 1169 888 1243 vestre,
913 1158 1099 1255 perceptio
1117 1173 1154 1230 et

81 1266 363 1366 comprehensio
388 1265 536 1339 tollitur.
569 1263 679 1356 Quod
707 1279 761 1336 est
787 1280 897 1365 caput
926 1269 1095 1364 Epicuri?
1118 1274 1155 1342 Si

81 1379 200 1452 ulium
224 1376 389 1449 sensibus
417 1379 553 1466 visum,
575 1373 705 1448 falsum
723 1390 797 1465 est3
816 1375 906 1448 nihil
929 1380 1070 1478 percipi
1088 1402 1154 1479 po-

82 1499 191 1562 test².
220 1489 329 1579 Quod
352 1487 540 1562 vestrum?
570 1490 662 1558 Sunt
687 1484 772 1558 falsa
798 1511 926 1560 sensus
948 1490 1031 1562 visa.
1057 1491 1156 1582 Quid

82 1599 272 1698 sequitur?
296 1613 339 1670 ut
359 1612 513 1684 taceam,
539 1597 726 1669 conclusio
746 1599 823 1696 ipsa
842 1596 1039 1696 loquitur³,
1062 1599 1155 1672 nihil

82 1735 191 1810 posse
214 1710 361 1808 percipi.
380 1710 467 1780 Non
487 1705 670 1796 concedo,
690 1709 845 1805 inquiti,
865 1710 1034 1807 Epicuro.
1050 1715 1156 1784 Certa

83 1823 198 1918 igitur
217 1845 303 1892 cum
321 1815 421 1908 iilo⁵,
440 1819 506 1916 qni
520 1843 542 1890 a
555 1832 592 1890 te
607 1831 706 1890 totus
722 1816 883 1889 diversus
899 1832 972 1906 est3
993 1817 1068 1890 noli
1081 1845 1155 1894 me-

84 1993 163 2044 parvo
187 1978 352 2028 Ciceroniana
375 1976 521 2026 defensionis
544 1991 600 2024 mo·
643 1981 902 2048 eeneuerieum)....
920 1981 1156 2054 rdeptrripuvdees

85 2057 245 2118 mento,rid.
255 2057 350 2106 Zwenz.
359 2073 386 2122 p.
399 2058 504 2115 ι44-5ο.
513 2059 546 2106 ii.
644 2057 758 2119 Μαλεῑς.
772 2061 837 2112 eotl.
851 2078 923 2127 supra
937 2064 984 2124 25,
999 2065 1040 2126 76.
1059 2064 1097 2114 Ne
1109 2083 1156 2114 en·

122 2138 233 2188 mit
250 2151 271 2186 r.
289 2138 320 2183 Ut
329 2152 402 2184 uum
411 2136 485 2184 modo
492 2133 600 2184 semibus
643 2151 794 2204 tentemus,
802 2142 953 2192 vetsmibns
962 2141 1069 2192 deletum
1078 2146 1156 2206 melis,

79 2213 178 2282 falsum
193 2214 318 2264 uideatur.
334 2213 402 2264 Gnd.
416 2214 447 2263 fr.
462 2213 520 2264 eod.
536 2214 599 2260 Ven.
643 2219 775 2269 tenendum
784 2231 835 2278 eet,
844 2231 970 2270 auctorem
980 2223 1094 2272 consulto
1102 2241 1156 2274 seu-

90 2303 159 2358 1494
162 2294 262 2359 salsum
272 2295 394 2357 ignorent.
402 2293 475 2352 lude,
486 2307 537 2340 non
548 2291 600 2340 eine
643 2315 684 2347 sus
698 2298 835 2358 addidisse,
854 2315 930 2364 quum
943 2301 1063 2366 Epicurus
1080 2302 1156 2352 modo

87 2391 174 2440 mgna
184 2372 371 2439 probebilitate.
382 2372 537 2420 mibcudum
550 2385 601 2419 ⁸⁸⁸⁰
644 2393 729 2426 senens
744 2378 795 2426 vien
810 2379 837 2426 in
853 2380 925 2432 certis
939 2392 1042 2444 poneret
1057 2396 1064 2431 :
1081 2382 1157 2431 enimi

87 2454 193 2516 judico,
216 2462 270 2500 «ut
291 2468 367 2500 unum
391 2449 502 2500 sensibus
524 2449 600 2498 modo
645 2458 709 2504 enim
722 2457 773 2505 vin
786 2458 938 2522 relinquebat
949 2459 976 2506 in
990 2459 1157 2524 opinionibus.

87 2532 201 2582 videntur
208 2553 230 2582 ι.
244 2533 284 2580 Sic
295 2547 369 2580 uuum
379 2531 485 2596 graviori
496 2530 519 2578 vi
531 2529 602 2595 poni·
644 2535 740 2584 Deinde
751 2536 866 2600 ignorent
880 2545 896 2594 4
909 2537 973 2598 mei,
988 2549 1013 2586 et
1026 2537 1158 2603 menlpo-

89 2610 225 2675 tnr3qnod
234 2610 367 2660 eetedloei
377 2611 602 2676 sentatierneptis·
645 2614 784 2678 tun-qnod
798 2616 1158 2668 numennumen-tin
1232 2645 1236 2654 ·

90 2691 188 2740 dmm
206 2689 311 2748 Scribe,
329 2705 361 2737 ex
377 2706 427 2754 qno
437 2688 535 2753 sethum
554 2705 602 2754 pro
644 2705 716 2742 retur
726 2693 797 2742 editio
811 2695 961 2758 transponit,
966 2695 1158 2760 potestpereipi.

90 2769 235 2834 ςίοκιωιω
260 2769 400 2834 irrepant,
425 2785 476 2818 non
500 2779 603 2834 potuere
645 2771 804 2821 Addientem
814 2773 1077 2822 baerbnmeerribie
1086 2791 1158 2839 snpra

91 2848 515 2914 nomquinmodctrnmponerent.
526 2850 603 2897 Acce·
646 2850 685 2899 bie
697 2849 802 2899 ridirnne
816 2853 862 2912 14,
876 2858 919 2907 44.
931 2851 971 2900 Gi.
985 2853 1059 2912 hec.
1071 2854 1098 2911 1,
1112 2853 1158 2912 36,

92 2927 143 2985 dit,
158 2927 226 2992 qnod
243 2928 269 2976 in
278 2929 396 2992 proximis
408 2926 547 2976 eorumdem
556 2941 605 2976 mv
648 2930 698 2988 tt,
711 2928 753 2976 nbi
766 2928 850 2977 itidem
862 2930 916 2990 jure
929 2943 1008 2993 nuper
1019 2929 1099 2978 Woti.
1109 2947 1160 2995 po·

91 3023 139 3056 nne
149 3007 214 3056 ciere
222 3006 261 3055 bie
272 3019 392 3056 oemtnr.
404 3008 493 3056 &nem
502 3007 537 3056 ric
546 3007 604 3064 erit,
648 3017 694 3057 test
704 3006 801 3068 ubjecit.
813 3005 932 3055 Additum
940 3018 1020 3055 autern
1032 3023 1064 3056 ex
1074 3012 1160 3074 proxi·

92 3097 144 3135 ent
158 3085 198 3134 rel
216 3101 292 3134 nuum
309 3086 418 3134 sensibus
435 3083 604 3134 tentummodo
648 3101 688 3134 me
709 3083 866 3149 sequentibus
888 3084 977 3133 vides:
999 3087 1046 3134 nisi
1065 3087 1105 3136 vel
1124 3089 1161 3136 ibi

93 3165 214 3225 ridentur,
225 3181 270 3214 nee
282 3181 308 3213 re
321 3163 425 3224 tulerit,
438 3163 509 3229 qunle
520 3163 604 3212 riden-
649 3163 822 3230 suumin,
830 3165 1006 3228 ominopoue,
1016 3165 1159 3230 legendnm:

94 3254 135 3292 tur
143 3265 165 3291 ι.
177 3245 209 3293 G.
649 3260 706 3294 nem
714 3243 765 3292 dno
775 3245 822 3292 mei
831 3261 887 3293 cnm
895 3243 1032 3294 editiorett.
1038 3239 1161 3314 plerisque

129 3339 155 3374 ι.
171 3323 200 3372 si
209 3324 286 3374 ullum
293 3323 398 3372 seudbus
406 3323 487 3372 visum
495 3319 607 3385 ,salsum
650 3324 804 3388 cumpositis
817 3341 856 3372 vv.
863 3323 960 3389 percipi
966 3341 1047 3387 posse.

95 3415 148 3462 ut,-
162 3402 225 3452 nteit
230 3401 327 3467 percipi
332 3412 419 3468 potest.
432 3403 537 3450 Geren:
549 3399 604 3448 det:
686 3405 713 3452 3.
729 3405 763 3451 Ut
773 3413 882 3460 taceam,
894 3403 1015 3452 ccucimio
1023 3407 1076 3470 ipsa
1085 3407 1163 3472 loqui·

96 3505 109 3526 ι
120 3483 147 3532 Si
164 3481 242 3532 nilum
260 3497 344 3531 uum
359 3481 437 3530 visum
452 3479 538 3528 felium
552 3489 607 3539 eet,
651 3493 699 3532 uir.
716 3485 792 3531 Preve
805 3481 896 3546 ubique
910 3492 966 3547 post
979 3495 1075 3533 taceam
1089 3486 1162 3536 eolon

95 3561 158 3610 nihii
167 3559 262 3627 percipi
272 3583 295 3610 ι.
306 3561 408 3620 Verere,
416 3559 498 3623 iuquit
506 3593 515 3621 ,
523 3567 608 3606 eneto-
651 3562 731 3610 minus
738 3564 850 3626 ponitur:
858 3576 909 3610 non
915 3561 980 3610 enim
986 3563 1163 3616 ridemntintt.

96 3643 130 3689 rie
148 3657 248 3690 menum
265 3640 416 3690 reduximus.
435 3637 498 3686 Nem
511 3637 608 3702 primo,
651 3650 680 3688 ut
688 3639 714 3688 b.
723 3639 742 3688 i.
756 3655 803 3704 pro
812 3649 881 3700 umt,
892 3639 939 3688 vel
945 3639 970 3688 si
976 3674 984 3702 ,
996 3641 1056 3692 dici.
1070 3644 1102 3692 G.

96 3732 204 3786 quemor
229 3719 277 3768 mei
301 3735 358 3768 enm
383 3718 492 3784 quinque
518 3715 610 3764 Davisii
689 3727 713 3776 4.
734 3717 833 3782 Inquit,
851 3717 964 3767 munde
982 3736 1091 3785 perum
1108 3723 1164 3771 ioco

96 3815 197 3857 seusu,
220 3807 246 3846 et
266 3797 315 3846 Eri.
339 3798 382 3861 qni
400 3795 506 3845 scietur
523 3796 610 3852 roien,
653 3797 1164 3863 eetAEueenimhocpereonernmomniun

97 3885 180 3926 temen
190 3878 241 3926 hoc
253 3877 334 3940 ipsum
343 3875 491 3940 punicum
502 3885 611 3938 mespo-
653 3876 746 3926 dndnm
760 3877 953 3926 animadversum
969 3889 1014 3928 est.
1032 3880 1068 3930 ct
1086 3881 1165 3929 Breuni

99 3955 145 4006 nit.
159 3955 260 4020 Respici
272 3965 354 4003 entem
365 3969 378 4000 e
391 3955 443 4003 Cic.
455 3953 488 4002 ed
500 3968 554 4017 nep.
564 3952 611 4013 οὔ,
654 3955 686 4004 ed
697 3955 749 4003 Fiu.
760 3957 800 4016 11,
814 3958 856 4007 23.
871 3956 902 4006 G.

98 4033 183 4101 inspicis
197 4029 276 4091 δοξῠν
289 4032 396 4082 videtur.
411 4033 489 4082 laert.
501 4035 541 4092 X,
553 4039 611 4092 ¹47»
692 4035 716 4082 5.
739 4035 808 4084 Cerea
826 4035 902 4101 fitur
918 4039 974 4084 bum
991 4037 1099 4088 ilion..
1115 4040 1169 4090 troii

99 4111 129 4164 Ei
140 4129 195 4164 rna
205 4107 307 4176 ixssc'irae
316 4110 398 4168 ἁπλῶς
409 4111 511 4164 αἴσθησιν
520 4113 529 4176 (
536 4109 613 4160 nilum
659 4129 760 4163 mecm
780 4115 860 4164 Facile
876 4115 925 4164 boc
946 4117 972 4162 in
987 4115 1043 4162 ioco
1062 4115 1093 4164 de
1110 4133 1167 4168 rere
