2748 4670
222 321 293 394 320
557 321 606 388 Μ.
632 321 671 388 Τ.
698 319 945 390 CICERONIS

221 445 326 544 pejus
351 438 470 515 est³⁷l
493 445 616 514 Unum
640 455 763 512 tamen
787 441 876 512 illud
902 465 978 513 uon
1005 443 1123 518 celant
1132 439 1180 533 ³⁸,
1199 445 1295 517 nihil

223 581 322 641 esse,
340 552 440 652 quod
464 553 602 650 percipi
630 553 755 649 possit.
780 556 835 621 An
856 555 894 624 iu
920 578 964 624 eo
986 557 1179 627 auctoritas
1198 555 1296 626 nihil

222 662 394 738 obest³⁹i
422 661 512 734 Mihi
541 659 688 758 quidem
717 661 862 732 videtur
885 661 943 734 vel
971 663 1179 760 plurimum.
1201 667 1294 755 Quis

224 781 321 848 enim
336 776 401 847 ista
417 787 490 845 tam
504 786 627 870 aperte
645 773 904 870 perspicueque
920 787 957 844 et
972 798 1140 871 perversa
1154 789 1192 846 et
1205 772 1296 846 falsa

224 899 400 984 sequutus
424 897 536 969 esset,
562 883 632 952 nisi
659 897 757 953 tanta
780 883 818 952 in
843 881 1017 972 Arcesila,
1043 883 1160 956 multo
1184 885 1295 955 etiam

224 997 340 1092 major
370 997 409 1065 in
432 991 617 1064 Carneade
647 1007 685 1064 et
711 995 815 1090 copia
837 1017 980 1082 rerum,
1011 1009 1048 1065 et
1077 993 1272 1066 dicendi
1242 1017 1296 1064 ns
1363 1088 1364 1110 Χ

173 1225 206 1274 ⁶1
224 1106 374 1277 fmilsleiii
396 1208 480 1274 llaec
502 1199 704 1274 Antiochus
728 1197 823 1272 iere¹
856 1215 892 1272 et
914 1201 1138 1273 Alexandriae
1159 1216 1298 1273 tumet

229 1314 351 1386 multis
380 1313 483 1383 annis
512 1325 614 1409 post,
644 1310 759 1382 multo
788 1313 895 1381 etiam
924 1315 1225 1400 asseverantium,
1258 1313 1297 1380 in

228 1427 327 1522 Syria
340 1446 456 1519 quum
471 1434 564 1491 esset
577 1444 743 1506 mecum,
764 1419 886 1518 paullo
903 1429 986 1493 aute
1004 1447 1113 1519 quam
1132 1437 1188 1494 est
1203 1445 1299 1492 mor-

227 1528 350 1606 tuus³.
370 1529 440 1602 Sed
456 1531 531 1626 jam
551 1529 764 1601 confirmata
782 1555 906 1618 causa,
928 1545 982 1618 te,
1004 1531 1195 1604 hominem
1213 1533 1299 1604 ami·

229 1645 410 1740 cissimum
440 1641 668 1734 (meantem
696 1639 944 1738 appellabat),
971 1655 1008 1712 ct
1033 1642 1173 1739 aliquot
1196 1642 1300 1712 aunis

230 1758 408 1827 minorem
434 1767 541 1840 natu,
564 1775 640 1822 non
660 1747 837 1822 dubitabo
858 1775 1017 1823 monere.
1038 1757 1159 1838 Tune,
1183 1776 1300 1850 quum

229 1869 339 1938 tantis
351 1862 520 1936 laudibus
533 1861 825 1961 philosophiami
843 1861 1031 1951 extuleris,
1051 1863 1302 1934 Hortensium-

269 2089 311 2152 ³7·
322 2087 611 2152 quidsiaemqueinum
618 2081 744 2148 pessima
790 2082 824 2130 lis
840 2082 890 2130 iere
906 2099 965 2132 nm
982 2093 1019 2132 est
1038 2085 1165 2132 sententiis
1184 2097 1211 2134 et
1224 2087 1302 2135 verbis

233 2169 335 2232 sequuti
344 2183 389 2214 nos
399 2165 497 2230 quidem
508 2179 592 2212 sumus
603 2161 687 2210 Daris.
700 2160 744 2224 qui
788 2163 935 2210 Antiochus.

233 2265 265 2296 ex
279 2247 342 2295 binis
355 2247 406 2306 ejus
420 2247 429 2306 (
438 2261 494 2293 enm
507 2242 597 2306 quibus
612 2242 684 2289 etiam
695 2241 745 2288 Re·
825 2255 851 2289 a.
870 2241 1060 2292 Asseverantiss.
1080 2247 1121 2292 Fr.
1141 2245 1199 2294 coel.
1215 2257 1240 2296 et
1255 2245 1302 2294 Erl.

233 2328 288 2391 gius
297 2324 434 2374 Allemauni
442 2321 572 2386 lacis),aic
582 2335 628 2384 pro
638 2319 746 2382 vulgato,
789 2319 953 2370 asserendus.
975 2321 1024 2371 Sed
1043 2323 1107 2381 hoc,
1128 2335 1159 2372 ut
1183 2325 1303 2388 positivus

235 2404 303 2470 quod
316 2403 377 2452 nihil
390 2414 443 2462 est,
456 2401 547 2459 edidit;
561 2409 677 2463 sequente
690 2413 746 2445 enm
790 2399 857 2460 ejas,
871 2413 1017 2460 asseverem,
1033 2403 1130 2450 serioris
1147 2403 1195 2451 αἱ
1214 2414 1264 2461 est,
1277 2413 1305 2450 ut

236 2486 346 2533 Ernesto.
371 2482 418 2531 Sed
437 2497 489 2530 noa
503 2477 656 2544 reprobanda
673 2479 748 2525 Dres-
790 2493 859 2526 eane
870 2479 937 2542 apud
949 2481 1073 2529 Ciceronis
1087 2481 1186 2545 quidem
1199 2483 1305 2531 imitetu-

236 2561 356 2612 danicod.
364 2561 437 2610 lectio
445 2556 748 2625 uerbaqueridetununde
791 2573 844 2616 ree,
864 2557 927 2608 Plln.
949 2570 974 2607 et
998 2561 1104 2610 lactant.
1129 2560 1305 2625 deprehendas.

237 2643 307 2692 laeile
316 2641 411 2703 videas,
423 2657 473 2705 quo
483 2639 557 2688 modo
568 2639 653 2686 vitium
664 2648 749 2686 natum
792 2639 859 2685 Sena.
878 2659 892 2680 ι
902 2637 981 2687 multo
1000 2641 1105 2688 severius
1122 2639 1168 2704 (v.
1191 2641 1304 2704 gravis»,

236 2722 277 2770 sit.
294 2721 367 2771 Certe
380 2736 448 2784 aeque
461 2719 567 2784 probum
579 2717 677 2767 ridetur
689 2716 716 2765 b.
730 2716 749 2766 l.
791 2717 871 2764 scrius
880 2713 905 2780 ),
920 2715 983 2764 adeo
996 2717 1049 2766 heae
1063 2721 1213 2769 tractavitn.
1230 2719 1306 2782 Supra

237 2800 335 2864 «quial
349 2801 370 2847 si
390 2799 422 2847 ab
443 2810 544 2860 utraque
565 2809 634 2862 parte
658 2794 750 2844 ducan-
793 2795 987 2854 dixeratanctor,
994 2798 1143 2846 Antiochum
1150 2798 1306 2846 Academiam

238 2881 296 2928 sur?
309 2901 321 2922 ι
341 2895 414 2943 quam
434 2888 557 2940 antroque
576 2876 651 2924 modo
673 2875 749 2924 duca
792 2888 881 2922 novam
892 2875 974 2922 acrites
983 2877 1153 2941 impugnasse,
1165 2893 1239 2942 quarn
1250 2877 1307 2926 olim

238 2959 319 3007 Verba
332 2957 514 3020 deinde‚·num
525 2956 593 3018 pejus
600 2957 653 3003 est?
662 2975 674 2998 ι
684 2953 749 3002 idem
794 2952 938 3002 defendisse.
951 2955 981 3002 G.

239 3037 336 3100 valent,
354 3048 429 3102 atque
449 3049 554 3082 snoune
569 3049 638 3098 aque
655 3033 750 3082 bonuau
830 3034 856 3080 3.
879 3036 961 3097 Quam
984 3047 1020 3082 est
1039 3046 1157 3086 memus.
1180 3037 1219 3084 ita
1242 3051 1309 3099 nque

240 3119 316 3166 est?-
332 3127 358 3164 et
371 3131 400 3164 eo
420 3113 520 3180 quidem
533 3128 608 3172 sono,
625 3127 688 3177 quo,
703 3111 752 3160 hoe
796 3126 880 3160 omues
897 3113 943 3159 mei
963 3114 1129 3163 consentiunt.
1149 3117 1218 3163 Ante
1239 3115 1310 3164 Dari·

240 3196 394 3252 malitiaene,
407 3191 565 3258 significetur.
578 3193 610 3240 G.
796 3190 859 3238 sinan
871 3206 983 3254 perverse
1002 3201 1063 3240 esset
1078 3191 1214 3257 legebatur.
1231 3195 1257 3242 sl
1269 3209 1310 3241 aa·

278 3272 320 3324 st.
336 3273 429 3322 Celsus.
441 3275 501 3320 Tres
518 3271 565 3318 mei
578 3271 685 3318 celamus
696 3285 753 3333 pec·
797 3279 847 3318 tem
864 3285 902 3316 res
923 3271 987 3334 ipan
1006 3281 1116 3335 spectes,
1135 3272 1232 3320 diversa
1252 3285 1311 3322 teau·

242 3365 315 3412 eana3
332 3353 398 3399 unde
417 3351 532 3400 Guiielaa.
552 3349 662 3398 celamur
676 3349 752 3398 elicit.
798 3363 857 3412 pora
873 3359 1003 3408 acuatur,
1016 3351 1079 3400 iuter
1095 3351 1190 3399 Luculli
1207 3367 1311 3416 presen-

242 3433 321 3492 uene
339 3439 363 3477 et
385 3429 479 3493 vulgata
498 3427 602 3488 melius,
622 3443 699 3490 quum
719 3429 754 3476 sic
799 3427 856 3474 tiam
871 3427 1050 3489 Alexandriae,
1068 3429 1112 3477 ubi
1128 3441 1239 3493 quaestor
1255 3431 1311 3487 inin

244 3509 329 3557 ironia
337 3507 447 3571 quadam
454 3507 554 3569 umbra,
564 3523 618 3570 quse
627 3504 666 3552 hie
676 3505 755 3554 verbis
799 3515 823 3552 et
833 3505 859 3552 in
869 3504 951 3568 Srnis,
961 3523 1011 3572 qno
1021 3519 1049 3557 ut
1061 3508 1154 3557 cilicia
1164 3509 1311 3573 pmeosasul,

244 3589 331 3646 adest,
347 3587 470 3636 clariusse
484 3585 588 3650 prodat:
608 3600 754 3649 quamquam
799 3599 855 3632 cum
876 3585 979 3648 imperio
1005 3587 1120 3636 adversos
1144 3588 1312 3637 Mithridaten

245 3667 341 3732 vulgata
351 3667 402 3730 ipa
412 3665 467 3711 lerri
475 3675 565 3728 potest.
572 3665 605 3714 G.
798 3663 885 3710 missus
892 3675 945 3713 erat
955 3665 1079 3728 oso-687.
1090 3667 1153 3714 Satis
1162 3669 1238 3716 etiam
1248 3683 1313 3716 κω·

282 3748 325 3810 39.
339 3749 378 3792 Au
391 3744 416 3792 in
429 3758 457 3790 eo
466 3743 596 3790 auctoritas
608 3740 671 3791 asilii
678 3743 754 3792 obest.
799 3751 850 3789 rate
862 3742 920 3791 iude
928 3744 1047 3792 Antiochi
1058 3745 1154 3793 obitum
1166 3763 1181 3793 a
1192 3748 1250 3795 W.
1260 3747 1313 3794 Di).

245 3821 586 3875 ldestzesirelbocnuum
596 3821 756 3879 decretiloco
783 3819 831 3868 'ad
853 3837 942 3870 annum
968 3825 1019 3873 686
1046 3823 1144 3884 referri,
1171 3825 1250 3874 rides.
1276 3826 1311 3875 Cf.

245 3915 357 3970 penum,
368 3901 431 3951 nihil
439 3915 511 3964 posse
522 3897 614 3962 percipi
623 3921 645 3948 n.
660 3901 693 3949 G.
799 3902 915 3950 Tenuem.
929 3901 1013 3951 Gessit.
1028 3903 1073 3951 der
1085 3902 1175 3952 Pierios.
1195 3917 1257 3954 ton.
1269 3905 1312 3963 tv,

282 3985 354 4032 xlx.
377 3999 399 4030 r.
416 3981 476 4029 Hae
494 3975 629 4028 Antiochus
646 3977 706 4042 fere
732 3990 757 4026 et
799 3997 825 4044 p.
842 3987 901 4036 ια.
914 3981 946 4030 G.

246 4059 483 4120 Alexandrinum,
496 4065 542 4105 etc.
554 4054 755 4118 Intelligendum,
836 4066 863 4114 t.
883 4061 961 4122 Qum
979 4061 1186 4112 senualauds'dus
1205 4062 1313 4128 phileae·
