2776 4668
81 437 816 466 mmmfflmmm
820 447 1144 470 mmfflfflfflfflm

193 612 274 712 M.
314 609 568 720 TULLII
620 611 1049 722 CICERONIS

395 821 847 918 sxrtsroun
914 949 919 958 ι
1022 899 1060 932 ,

238 1021 471 1112 ΙτιΜΕυε,
499 1025 594 1156 ssu
620 1027 687 1096 us
713 1026 988 1098 uutvaaso

475 1211 762 1242 -ψ-

81 1340 286 1457 IMutrs
306 1401 428 1458 sunta
450 1385 555 1456 nobis
575 1387 664 1458 etin
684 1385 924 1459 Academicis¹
946 1391 1148 1486 conscripta

84 1509 213 1566 contra
228 1493 409 1592 physicos,
429 1509 465 1566 et
485 1519 578 1596 saepe
600 1521 683 1568 curn
697 1503 734 1570 P.
752 1495 921 1596 Nigidio²
941 1497 1147 1571 Carneadeo

82 1628 190 1678 more
207 1619 243 1676 et
261 1604 372 1678 modo
392 1604 581 1704 disputata.
605 1611 686 1678 Fuit
704 1611 802 1680 enim
814 1609 868 1678 vir
881 1607 942 1678 ille
959 1631 1075 1704 quum
1091 1632 1148 1678 ce-

83 1716 172 1786 teris
189 1713 344 1810 artibus,
356 1740 437 1812 quae
455 1716 603 1812 quidem
622 1716 738 1814 digna
754 1717 869 1788 libero
891 1732 1026 1802 essent,
1044 1741 1149 1788 orna·

83 1837 146 1896 tus
162 1824 346 1912 omnibus,
362 1839 440 1896 tum
459 1850 540 1897 acer
558 1828 788 1926 investigator
804 1842 840 1899 et
856 1825 1007 1924 diligens
1024 1851 1148 1897 earum

83 1960 228 2020 rerum,
245 1961 324 2032 quac
341 1959 362 2006 a
383 1949 511 2006 natura
529 1935 699 2008 involutae
714 1937 894 2009 videntur.
911 1940 1079 2032 Denique
1098 1937 1149 2007 sic

81 2045 229 2140 judico,
246 2059 326 2142 post
338 2043 417 2116 illos
433 2043 572 2120 nobiles
590 2045 848 2143 Pythagoreos,
865 2043 1147 2143 ,quorumldisci

83 2156 187 2254 plina
204 2155 378 2226 exstincta
395 2169 449 2228 est
466 2155 625 2252 quodam
641 2155 771 2244 modo,
793 2181 908 2254 quum
926 2155 1065 2252 aliquot
1083 2179 1147 2228 sae·

83 2263 168 2336 cula
193 2265 230 2334 in
258 2264 358 2336 ltalia
379 2265 569 2362 Siciliaque
595 2267 765 2363 viguisset
775 2263 803 2353 ³,
832 2266 929 2338 hunc
956 2265 1149 2350 exstitisse,

84 2376 152 2472 qui
169 2375 265 2446 illam
284 2389 484 2447 renovaret.
507 2377 577 2468 eri
594 2399 706 2472 quum
727 2399 784 2447 me
805 2377 843 2446 in
862 2374 1020 2446 Ciliciam
1040 2371 1150 2471 profi·

86 2489 280 2556 ciscentem
300 2484 428 2583 Ephesi
444 2487 732 2586 exspectavisset,
748 2491 897 2560 Romam
914 2511 957 2556 ex
971 2485 1150 2582 legatione

86 2595 165 2692 ipse
181 2593 376 2680 decedens3
387 2597 614 2694 venissetque
631 2595 759 2671 codem
775 2596 955 2692 Mitylenis
969 2597 1039 2668 mei
1056 2591 1149 2664 salu-

85 2702 188 2774 tandi
200 2718 236 2774 et
247 2705 384 2776 visendi
398 2731 504 2778 causa
521 2707 732 2803 Cratippus,
744 2705 1058 2802 peripateticorum
1074 2727 1150 2772 orn·

86 2813 211 2896 nium,
222 2837 315 2909 quos
332 2814 479 2910 quidem
494 2839 561 2911 ego
573 2814 788 2899 audiverim,
803 2837 885 2883 meo
898 2811 1037 2905 jndicio
1049 2809 1151 2880 facile
1177 2903 1182 2914 ‚

85 2925 276 3022 princepsa
294 2921 514 3022 perlibenter
530 2939 566 2994 et
580 2921 762 3019 Nigidium
778 2921 870 3009 vidi,
887 2935 924 2992 et
939 2921 1151 3018 Cratippum

124 3098 146 3147 1.
163 3115 185 3146 ι.
200 3101 231 3146 In
242 3055 559 3150 testamenmentum
572 3097 600 3146 iu
644 3108 742 3161 temque
764 3096 878 3144 futuram
892 3094 989 3143 Octavii
1007 3093 1154 3146 vaticinatus

85 3177 134 3227 lib.
148 3179 189 3236 11,
202 3193 255 3242 cap.
264 3179 295 3238 ³7
306 3193 362 3242 sqq.
643 3187 687 3226 est.
701 3177 774 3228 cont
793 3177 896 3226 Suetuu.
914 3175 1020 3238 August.
1034 3189 1089 3238 cap.
1104 3183 1153 3236 943

125 3271 152 3306 a.
173 3259 199 3304 P.
217 3255 327 3322 Nigidio.
349 3253 462 3320 Nigidius
485 3256 598 3322 Figulus,
643 3257 718 3306 Dion.
726 3258 802 3305 xLV.
820 3253 898 3301 Multa
919 3253 1016 3316 scripsit
1035 3251 1065 3300 de
1078 3263 1154 3300 astro-

85 3345 174 3385 unuse
184 3336 307 3386 Ciceronis
317 3336 408 3392 amieis,
418 3334 449 3383 ad
460 3353 533 3400 quem
544 3338 601 3384 scri·
642 3335 733 3394 nomia,
746 3333 928 3393 mathematicis,
940 3330 1063 3396 physicis,
1075 3329 1153 3378 medi·

85 3415 157 3464 bitur
170 3415 249 3480 Epist.
265 3412 312 3477 13,
334 3415 378 3464 lib.
390 3417 435 3477 tv,
453 3414 484 3463 sd
501 3415 596 3465 Divers.
644 3418 686 3476 cis,
700 3427 747 3465 etc.
756 3413 816 3462 Vid.
829 3415 920 3461 Lucan.
932 3410 1040 3459 Phar-sal.
1050 3411 1076 3465 Ι,
1089 3405 1154 3474 639;

85 3505 190 3561 praetor,
202 3505 245 3548 aut
260 3495 372 3544 tribunus
390 3510 447 3544 ann.
460 3495 524 3558 694,
542 3511 601 3560 prte-
644 3498 710 3545 Serv.
722 3497 778 3544 AEn.
788 3495 822 3550 tt,
839 3489 1105 3554 17t;sul.c011.1v‚
1122 3504 1155 3553 93

86 3574 168 3622 lectus
180 3573 207 3620 lu
217 3575 273 3620 Asis
285 3589 344 3621 nun.
357 3589 416 3635 70²2
426 3571 536 3638 Pompeii
545 3589 600 3637 par-
643 3577 719 3634 xm,
727 3581 771 3630 πω
787 3571 861 3632 xtx,
878 3577 907 3627 tt
917 3586 924 3630 ;
935 3569 1046 3619 Macrob.
1057 3571 1153 3619 Satura.

86 3665 125 3702 tes
139 3663 257 3718 sequutus
272 3663 314 3701 est.
330 3655 404 3704 Conl.
418 3669 464 3720 pro
474 3653 533 3703 Sull.
546 3670 599 3720 cup.
643 3655 694 3713 lll,
716 3652 762 3710 263
777 3653 837 3698 Vn.
852 3651 930 3698 lectt.
943 3649 1082 3713 liutgersii,
1102 3649 1154 3707 111,

90 3743 142 3792 143
156 3733 235 3798 Epist.
246 3733 277 3780 ad
290 3735 366 3782 Attio,
379 3735 416 3793 Il,
429 3750 443 3781 α
455 3750 463 3793 ;
477 3735 542 3792 Vll,
557 3740 600 3788 at.
647 3733 692 3792 16,
713 3729 756 3778 ubi
777 3725 896 3776 nonnulla
910 3727 1004 3792 Nigidii
1023 3729 1155 3799 fragmenta

86 3811 165 3860 Vetus
184 3811 324 3860 scholiastes
351 3811 410 3861 dicit
434 3811 501 3860 illum
519 3811 599 3874 Figuli
642 3807 865 3876 exstpnt3Lydus,
879 3809 922 3872 qui
935 3809 961 3855 iu
974 3823 1048 3872 opere
1062 3819 1106 3852 suo
1124 3803 1155 3856 da

86 3907 179 3940 nomeu
188 3907 220 3938 ex
229 3906 259 3938 ao
273 3889 387 3951 duxisse,
400 3891 492 3954 quode
504 3889 598 3940 Graecia
642 3887 774 3954 Prodigiis,
785 3889 837 3949 eius
851 3876 1010 3958 fragmentum
1022 3883 1052 3932 da
1062 3883 1155 3932 tonitru

87 3971 200 4028 rediens,
224 3967 324 4017 dixisset
342 3985 366 4016 se
388 3971 415 4017 iu
435 3987 462 4018 ea
480 3969 599 4038 ‘didicisse
641 3971 668 4018 iu
691 3983 796 4032 graecum
817 3967 905 4028 sertin
930 3960 1096 4014 Dictionnairs
1124 3961 1155 4010 ds

88 4050 204 4099 ..Orbem
225 4047 257 4095 ad
279 4045 423 4096 celeritatem
447 4060 507 4097 rotas
528 4047 599 4112 figuli
643 4047 803 4110 uastam.
816 4047 843 4096 t.

90 4129 202 4195 torqueri
212 4151 233 4177 ι.
247 4127 392 4191 Astrologiss
402 4127 530 4188 studebat,
548 4145 599 4177 sor·
679 4130 703 4178 3.
720 4127 850 4192 Vagus'ssct.
861 4123 998 4186 sttuite,
1011 4119 1155 4188 arguissent.
