2786 4674
136 393 139 400 ’
255 387 324 484 596
593 387 641 452 u.
668 387 706 452 T.
733 385 970 456 CICEROle

250 507 406 567 exstinctus
419 515 449 562 et
456 501 654 580 corpulentior
662 503 754 562 factus
763 523 859 562 aerem
871 517 964 562 creat:
979 521 1078 561 rursus
1091 505 1217 562 crassior
1224 505 1323 564 iacun

248 623 298 661 aer
311 603 340 658 in
356 597 476 656 nebulas
489 594 639 672 nubesque
653 597 809 654 concrescit
825 618 832 652 :
855 597 901 654 his
918 597 1006 654 etiarn
1027 597 1119 674 magis
1142 599 1322 676 compressis

248 693 354 771 pluviae
365 689 495 747 defluunt
507 707 560 744 :ex
572 705 646 764 aqna
660 705 759 744 rursus
773 700 848 744 terra
863 687 1030 765 lapidesque
1041 689 1214 766 gignuntur:
1227 703 1319 766 atque

244 791 286 846 ita
299 784 428 842 videmus
441 781 502 838 hec
517 781 613 837 omnia
627 779 751 837 circuitu
761 779 888 856 quodam
899 779 955 838 sibi
968 782 1091 838 invicem
1106 781 1186 839 vices
1200 783 1318 842 fomen-

246 891 332 954 taque
343 873 536 954 generationis
555 872 678 930 vicissim
695 871 838 930 tribucre:
853 892 919 948 quae
933 891 1024 949 quum
1039 891 1198 949 numquam
1211 874 1317 932 eadem

147 951 152 976 ⁸
246 980 404 1048 appareant
417 983 606 1045 permanere,
628 964 760 1040 quisnam
781 963 842 1020 sinc
855 963 964 1020 rubore
980 963 1251 1043 redarguiticnisque
1267 987 1316 1024 su-

244 1062 375 1140 spicione
388 1058 495 1138 poterit
508 1058 628 1114 istorum
645 1055 753 1132 aliquid
770 1075 859 1112 unuin
875 1055 1073 1134 potiusquam
1091 1055 1172 1113 aliud
1188 1071 1270 1116 certe
1285 1071 1315 1115 et

244 1155 366 1212 firmiter
381 1152 547 1230 appellare?
567 1152 654 1207 nemo
675 1160 775 1204 certe:
792 1167 881 1224 quare
898 1145 1057 1204 tutissimus
1073 1148 1102 1204 in
1122 1147 1168 1206 his
1188 1149 1236 1206 hic
1252 1151 1314 1208 erit

243 1243 380 1324 loquendi
395 1242 515 1301 modus:
530 1241 603 1312 hoc,
617 1238 696 1317 quod
708 1257 821 1316 semper
834 1237 904 1296 alias
919 1239 1003 1296 aliter
1015 1239 1171 1297 sonnatnm
1182 1240 1312 1312 videtur,

244 1349 273 1395 et
293 1338 464 1415 plerumque
477 1332 647 1412 juxtaignis
662 1331 805 1409 effigiem,
823 1350 881 1388 non
903 1344 946 1388 est
961 1331 1063 1407 utique
1082 1332 1158 1408 ignis
1179 1332 1235 1389 boc
1259 1334 1314 1390 ali-

243 1429 335 1506 quid,
355 1426 405 1486 sed
429 1429 503 1497 tale,
532 1423 561 1482 id
585 1437 643 1496 est,
668 1425 784 1502 igneum
810 1421 965 1500 quiddam3
992 1443 1148 1501 uec-aqna
1170 1425 1226 1482 boc
1252 1427 1313 1484 ali-

244 1520 315 1598 quid
326 1563 335 1592 ‚
348 1519 398 1578 sed
412 1519 468 1577 tale
480 1515 570 1595 quid,
594 1514 623 1574 id
636 1531 693 1587 est,
717 1534 841 1591 aqueum
854 1537 862 1587 ;
878 1535 932 1573 nec
948 1515 1025 1573 aliud
1039 1515 1213 1594 quidquam,
1225 1519 1306 1577 velut

245 1615 332 1671 ullam
346 1611 456 1670 habens
464 1609 663 1668 stabilitatem:
676 1607 801 1684 denique
813 1627 866 1665 nec
880 1607 1101 1685 pronominibus
1110 1609 1229 1686 quidem
1244 1612 1310 1668 ullis

245 1707 306 1764 haec
319 1703 457 1782 signanda
467 1716 548 1774 sunt,
558 1699 664 1779 quibus
675 1701 704 1757 in
721 1702 763 1758 rei
776 1699 932 1778 cujuslibet
943 1699 1189 1760 demonstratione
1200 1744 1209 1770 ,
1221 1723 1311 1779 quum

242 1799 300 1855 hoc
315 1797 360 1854 vel
379 1794 457 1853 istud
473 1793 611 1860 dicimus,
625 1793 669 1850 nti
682 1794 826 1850 solemus:
842 1792 955 1869 lugiunt
965 1793 1061 1863 enim,
1074 1813 1129 1852 nee
1142 1809 1311 1872 exspectant

242 1890 288 1946 vel
303 1908 367 1946 eam
381 1885 671 1956 demonstrationem,
688 1904 753 1960 qnae
765 1883 821 1940 hoe
835 1897 864 1941 et
876 1883 963 1959 hujus
975 1898 1005 1942 et
1021 1884 1090 1942 huic
1105 1884 1251 1960 designat,
1267 1889 1309 1943 vel

247 1981 483 2058 appellationem,
498 1996 562 2054 quae
577 1975 614 2033 de
631 1975 676 2032 his
688 1987 833 2051 tamquam
847 1973 883 2032 de
898 1975 1101 2034 exsistentibus
1116 1990 1145 2034 et
1159 1976 1311 2036 stabilibus

245 2069 405 2129 habeatur:
420 2070 508 2146 igitur
518 2065 682 2144 hujusmodi
695 2067 790 2125 omnia
801 2086 896 2144 neque
907 2067 963 2124 hoc
977 2089 1071 2144 neque
1085 2069 1178 2140 istud,
1189 2069 1240 2126 sed
1256 2071 1311 2127 tale

247 2163 343 2241 potius
358 2174 407 2220 aut
423 2162 479 2218 tale
494 2175 615 2237 propter
625 2159 840 2217 similitudinem
858 2159 981 2236 aliquam
996 2162 1143 2238 appellare
1157 2160 1310 2220 debemus:

247 2267 276 2312 et
294 2255 387 2329 ignem
401 2251 517 2329 quidem
534 2251 640 2328 ubique
652 2251 723 2322 tale,
732 2265 766 2308 ac
777 2251 813 2308 de
825 2251 940 2320 ceteris,
955 2273 1019 2329 quae
1033 2255 1200 2332 p'gnuntur,
1209 2255 1309 2313 endem

248 2358 352 2424 pacto:
368 2347 401 2401 at'
412 2361 482 2399 vero
497 2343 587 2411 illud,
603 2343 632 2399 in
646 2363 705 2419 quo
719 2345 782 2400 {ieri
798 2344 908 2421 singula
921 2344 983 2402 haec
1002 2346 1140 2404 videntur
1154 2367 1188 2405 ac
1205 2347 1310 2405 deinde

248 2435 379 2506 dissolvi,
395 2435 488 2492 solum
501 2435 536 2490 iis
552 2433 793 2510 pronominibus,
807 2433 913 2511 quibus
926 2435 983 2494 hoc
998 2438 1043 2496 vel
1062 2438 1145 2496 istud·
1154 2441 1309 2517 signamus,

248 2525 452 2606 appellandum
464 2539 536 2602 puto
550 2545 557 2578 τ
571 2526 656 2601 quale
665 2544 736 2581 vero
750 2524 982 2603 quodammodo,
999 2529 1127 2588 calidum
1141 2532 1249 2589 scilicet
1265 2531 1308 2588 sel

251 2618 366 2691 album,
390 2617 434 2674 vel
451 2613 560 2692 aliquid
577 2617 632 2673 tale
649 2617 875 2690 contrariorum,
889 2618 935 2675 vel
948 2639 985 2676 ex
1000 2622 1162 2693 contrariis,
1170 2621 1243 2679 illud
1256 2621 1309 2680 mi-

251 2713 327 2771 nime
342 2707 546 2787 appellandum
561 2727 568 2764 ε
583 2707 632 2765 sed
650 2708 794 2785 apertius,
814 2709 893 2786 quod
907 2710 1057 2785 volumus,
1072 2733 1272 2792 exponamus:
1286 2715 1308 2771 si

250 2805 315 2883 quis
330 2803 404 2860 enim
419 2813 537 2860 cunctas
555 2799 678 2876 figuras,
694 2819 731 2858 ex
745 2820 802 2859 una
819 2801 978 2879 eademque
998 2805 1062 2862 auri
1079 2806 1203 2864 materia
1218 2807 1308 2876 fictas,

252 2895 425 2955 continucin
435 2894 504 2952 alias
515 2905 544 2950 et
556 2893 624 2950 alias
637 2893 789 2964 reformet,
803 2892 898 2970 deque
910 2915 967 2952 una
978 2895 1102 2973 quadam
1112 2897 1230 2956 illarum
1242 2917 1309 2974 pra·

165 3047 168 3054 ,
249 3007 315 3046 sens
329 2986 447 3064 aliquis,
460 2983 530 3062 quid
543 2985 595 3056 sit,
609 2996 732 3061 quaerat,
744 3003 812 3043 vere
824 2984 982 3044 admodum
994 3001 1024 3045 et
1038 2989 1178 3048 tutissime
1193 3009 1309 3068 respon-

251 3080 320 3138 dere
336 3095 489 3156 possumus
502 3095 605 3134 aurum
617 3074 688 3135 illud
707 3095 786 3135 csse:
803 3077 976 3156 triangulum
997 3099 1067 3138 vero
1081 3101 1143 3139 esse
1164 3095 1215 3140 aut
1228 3081 1307 3143 aliam

253 3171 373 3249 figuram
389 3187 506 3240 earum,
528 3187 593 3245 quae
607 3167 753 3245 impressae
768 3167 798 3224 in
819 3187 854 3226 eo
870 3183 937 3228 sunt
964 3183 993 3227 et
1023 3173 1162 3230 continuo
1191 3192 1308 3250 permu-

254 3274 360 3334 tantur,
369 3263 452 3339 qnasi
466 3279 567 3320 revera
575 3259 646 3330 sint,
660 3277 717 3316 non
726 3259 794 3356 licet
806 3259 902 3319 dicere
914 3264 992 3320 :sola
1004 3264 1114 3343 quippe
1126 3265 1177 3323 illa
1192 3285 1308 3343 respon·

253 3353 353 3424 sione,
375 3366 519 3430 tamquam
536 3347 689 3422 tutissima,
705 3351 833 3409 contenti
844 3371 906 3416 esse
921 3352 1059 3413 debemus
1072 3377 1079 3411 :
1092 3355 1193 3413 eadem
1210 3355 1247 3413 de
1261 3355 1307 3412 illa

252 3455 371 3514 natura,
387 3464 451 3521 quae
469 3459 571 3504 cuncta
585 3441 688 3521 recipit
701 3461 843 3521 corpora,
858 3445 931 3502 ratio
952 3457 1012 3503 est:
1030 3445 1106 3504 idem
1123 3466 1238 3525 semper
1249 3467 1307 3504 esse

252 3531 374 3591 dicenda
385 3550 438 3605 est,
451 3535 591 3613 siquidem
606 3555 641 3592 ex
658 3535 776 3612 propria
790 3537 919 3614 potentia
930 3537 1039 3596 recedit
1052 3558 1211 3616 numquam
1224 3561 1231 3595 :
1245 3557 1307 3596 sus-

253 3625 324 3702 cipit
352 3626 428 3682 enim
449 3645 562 3704 sempor
582 3626 695 3698 ornnia;
719 3647 773 3684 nec
794 3628 880 3687 ullam
896 3649 1032 3706 umquam
1046 3631 1086 3690 iis
1108 3631 1230 3688 similem
1251 3631 1307 3688 ullo

251 3729 338 3795 pacto
354 3713 408 3773 sibi
426 3715 546 3776 sormam
562 3719 706 3777 contrahit
717 3739 723 3774 :
736 3721 828 3778 omnis
849 3739 916 3778 sane
933 3735 1044 3781 naturae
1057 3705 1166 3781 fictioni
1182 3722 1306 3800 subjecta

251 3823 295 3868 est
310 3830 317 3864 :
333 3809 496 3884 agitataque
509 3807 546 3866 ab
568 3808 793 3886 ingredientibus
808 3825 837 3868 et
854 3812 974 3890 figurata
988 3813 1223 3889 quodammodo,
1241 3815 1304 3872 alias

250 3899 333 3958 aliter
348 3917 378 3956 se
395 3896 503 3955 habere
516 3897 648 3957 videtur:
662 3919 727 3977 quae
747 3920 818 3960 vero
833 3903 1035 3980 ingrediuntur
1055 3919 1084 3964 et
1103 3921 1229 3976 exeunt,
1242 3925 1304 3961 rere

250 4009 283 4048 ac
301 3991 627 4069 semper'exsistentium
642 3994 902 4052 rerumsimulacra
917 4009 999 4078 sunt,
1013 3997 1088 4056 miro
1102 4011 1132 4056 et
1148 3999 1196 4055 vix
1213 3995 1303 4074 expli-

246 4079 330 4140 cabili
347 4082 434 4140 modo
451 4079 487 4140 ab
504 4081 573 4158 ipsis
589 4080 694 4160 rebus,
709 4105 774 4162 qua
790 4105 858 4146 vere
873 4101 957 4158 sunt,
973 4089 1109 4166 figttratal
1121 4087 1303 4166 quemadmo-
