2776 4688
258 445 304 491 ao
482 417 531 488 tu
549 413 791 488 CICERONIS
816 411 1082 482 ACADEMICA

256 635 316 701 ΙΙΙ.
334 633 464 698 Restant
478 630 612 720 denique
629 651 738 718 pauca
748 611 905 693 'addenda
921 627 961 692 de
976 643 1111 718 tempore
1127 649 1188 715 quo
1199 632 1338 716 scripta

300 755 333 806 et
353 741 399 804 bis
417 738 502 804 edita
520 750 595 802 suut
614 735 827 819 Acadesuicu,
852 757 923 824 qum
941 757 981 798 ee
1003 733 1090 798 Frid.
1115 732 1341 798 Hatsemanm·

302 847 549 935 Prolegomeuis‚
558 859 631 909 sect.
645 867 689 920 tv,
702 844 820 932 majore
832 855 976 931 exparte
984 863 1192 929 excerpamus.

300 1058 412 1140 Quum
427 1068 502 1144 post
518 1052 609 1118 civile
625 1051 767 1134 bellum,
786 1049 875 1139 quod
895 1051 981 1115 inter
998 1053 1155 1116 Coesarem
1171 1066 1204 1115 et
1222 1050 1336 1114 Pom-

254 1163 364 1254 peium
381 1177 509 1252 gestum
525 1176 582 1242 est,
601 1159 691 1223 omni
707 1157 857 1222 funditus
875 1179 983 1222 eversa
1002 1157 1182 1245 republica,
1209 1173 1341 1221 cuncta

255 1269 352 1333 unius
374 1267 512 1356 imperio
535 1287 571 1328 ac
590 1280 675 1328 nutu
697 1278 902 1352 regerentur,
930 1285 1036 1350 neque
1052 1264 1244 1350 cujusquam
1260 1263 1338 1342 jam

255 1374 411 1454 consilio,
434 1387 491 1435 aut
508 1369 691 1434 auctoritati
707 1371 800 1432 locus
819 1385 921 1451 esset,
946 1369 992 1434 M.
1011 1369 1050 1434 T.
1069 1368 1201 1452 Cicero,
1220 1370 1279 1456 qui
1302 1386 1342 1434 et

256 1481 306 1544 sui
324 1480 358 1542 in
381 1475 612 1564 rempublicam
640 1473 738 1537 animi
763 1473 865 1561 ipsam
891 1473 932 1538 ab
961 1497 995 1539 se
1018 1497 1088 1539 uno
1107 1492 1342 1540 conservatam

256 1583 490 1673 rempublicam
511 1595 625 1644 testem
646 1579 800 1662 haberet3
819 1594 852 1642 ct
872 1579 953 1642 nihil
969 1598 1085 1668 praeter
1102 1581 1230 1669 culpam
1247 1603 1342 1670 prae·

257 1690 409 1757 standum
426 1709 494 1752 esse
510 1684 645 1774 sapienti
662 1707 790 1772 semper
807 1682 1014 1768 credidisset3
1040 1707 1148 1773 neque
1171 1701 1342 1775 perpetuo

258 1795 374 1885 affligi,
398 1810 496 1881 atque
514 1789 588 1880 angi
607 1789 728 1872 voluit,
756 1811 864 1878 neque
881 1812 921 1854 eo
944 1791 1032 1873 otio,
1053 1789 1143 1878 quod
1165 1791 1270 1855 invito
1298 1813 1342 1856 ac

258 1901 396 1992 publicis
419 1898 610 1964 muneribus
634 1896 749 1960 orbato
769 1897 965 1988 contigerat,
992 1897 1035 1961 ita
1050 1897 1274 1986 languescere,
1299 1912 1344 1959 ut

260 2008 341 2072 nihil
357 2020 465 2094 ageret
484 1999 622 2092 dignum
639 2001 736 2066 rebus
751 2001 824 2086 his,
851 2025 931 2090 quas
944 2002 985 2066 ah
1004 2024 1039 2067 se
1055 2019 1158 2092 gestas
1174 2025 1244 2066 esse
1262 2025 1341 2066 me·

261 2112 417 2176 misisset.
436 2109 568 2196 Itaque,
592 2107 627 2170 in
644 2107 762 2194 quibus
781 2129 799 2170 a
823 2108 927 2195 prima
943 2123 1034 2173 aetate
1050 2109 1190 2173 multum
1208 2129 1343 2198 operte,

263 2215 427 2304 studiique
442 2228 704 2300 consumpserat,
724 2210 766 2276 ad
782 2235 834 2277 eas
854 2235 889 2278 se
904 2213 1016 2279 retulit
1030 2230 1113 2279 artes
1134 2230 1343 2304 pertractan-

263 2319 331 2388 das.
358 2324 406 2386 Ac
420 2317 670 2410 philosophiam,
697 2340 769 2406 quoe
789 2317 831 2382 ad
860 2341 931 2384 eam
956 2319 1043 2384 diem
1071 2321 1180 2410 groecis
1207 2335 1344 2384 tantum

264 2427 353 2492 libris
366 2423 487 2515 percipi
501 2438 644 2514 poterat,
660 2421 772 2486 latinis
783 2423 843 2488 sibi
851 2423 948 2489 literis
962 2423 1185 2490 illustrandam
1195 2432 1343 2514 suscepit.

263 2534 366 2598 Suum
383 2531 502 2595 scilicet
518 2528 552 2594 id
566 2551 635 2594 esse
651 2551 772 2594 munus
783 2529 930 2614 credidit,
938 2555 1040 2621 quum
1051 2533 1117 2614 jam
1127 2529 1255 2598 dicendi
1270 2532 1345 2622 glo·

265 2641 346 2705 riam
355 2637 474 2704 Graecis
482 2635 660 2726 eripuisset,
671 2633 812 2719 efficere,
832 2652 868 2702 ut
881 2637 942 2702 hae
958 2662 1092 2727 quoque
1108 2640 1142 2703 in
1151 2655 1242 2728 parte
1255 2639 1346 2702 nihil

264 2747 326 2812 illis
343 2743 521 2810 cederetur.
543 2743 652 2830 Atque
667 2743 721 2805 ille
736 2758 838 2807 totam
856 2744 1095 2833 philosophiam
1118 2747 1227 2809 arsimo
1246 2767 1345 2808 com·

267 2851 396 2940 plexus,
412 2849 540 2913 nullum
553 2848 701 2912 omittere
716 2848 826 2913 locum
844 2851 1030 2928 constituit,
1049 2873 1146 2940 quem
1162 2875 1230 2916 non
1245 2850 1347 2916 uber-

268 2957 350 3020 rime
368 2969 539 3018 tractatum
554 2952 620 3016 suis
637 2952 760 3017 civibus
774 2953 925 3022 traderet
942 2958 988 3020 Ac
1001 2957 1108 3045 primo
1125 2955 1259 3047 quidem
1277 2956 1345 3021 sibi

269 3085 324 3127 cos
340 3058 533 3126 refellendos
549 3060 690 3147 putavit,
717 3061 774 3148 qui
790 3059 1030 3151 philosophiam
1047 3081 1275 3145 contemnere,
1306 3087 1346 3128 ac

268 3168 450 3255 vituperare
469 3162 649 3228 auderent:
670 3165 760 3252 quod
783 3187 822 3230 eo
846 3166 931 3231 libro
949 3167 1042 3251 fecit,
1070 3169 1127 3256 qui
1145 3169 1345 3234 Hortensius

270 3272 445 3360 inscriptus
462 3287 528 3352 θεῖς
544 3269 579 3334 in
596 3292 663 3357 quo
678 3287 710 3335 et
725 3271 791 3335 suis
810 3294 880 3336 eam
895 3273 1045 3338 laudibus
1062 3297 1237 3359 exornans,
1254 3292 1288 3340 ct
1307 3299 1346 3340 ea

273 3397 345 3464 quae
359 3373 587 3454 objicerentur,
603 3375 765 3456 refutans,
788 3375 870 3439 nihil
886 3378 1011 3460 omisit,
1029 3376 1120 3467 quod
1136 3379 1183 3442 ad
1197 3385 1345 3444 omnium

141 3491 145 3500 ’
243 3487 246 3492 ’
272 3479 377 3546 studit
393 3478 440 3541 ad
455 3478 522 3566 ejus
539 3481 747 3566 cognitionem
762 3481 953 3564 excitanda,
970 3485 1186 3549 necessarium
1202 3508 1274 3550 esse
1291 3487 1346 3549 vi·

275 3583 416 3650 deretur.
437 3579 500 3647 Sed
510 3605 614 3670 quum
632 3583 717 3648 varia
735 3600 842 3649 essent
859 3585 1128 3678 philosophorum
1147 3591 1347 3680 genera,qui

275 3690 385 3755 multis
408 3687 449 3752 de
464 3689 561 3753 rebus
580 3691 717 3755 maxime
736 3689 941 3775 dissidentes,
958 3711 1028 3760 tum
1045 3697 1253 3776 auctoritate,
1270 3713 1346 3760 tum

275 3794 471 3876 rationibus,
488 3793 533 3857 ita
547 3793 633 3858 inter
645 3817 679 3859 se
696 3815 897 3886 pugnarent,
911 3816 949 3864 ut
964 3801 1048 3865 nihil
1066 3801 1227 3866 difficilius
1240 3801 1347 3890 expli·

276 3916 456 3981 catuesset,
472 3920 570 3987 quam
582 3898 746 3987 quodnam
757 3903 895 3968 maxime
906 3897 1109 3993 probandum
1126 3930 1229 3998 genus
1241 3922 1345 3988 esset3

277 4007 463 4072 Acudeuuoe
485 4010 639 4071 rationem
663 4008 774 4072 ceteris
803 4010 955 4075 omnibus
976 4014 1228 4104 praeponendam
1255 4037 1345 4094 esse,

277 4113 476 4178 Acadensictis
493 4111 577 4176 libris
593 4111 764 4178 ostendere
782 4133 917 4181 conatus
931 4134 989 4182 est.
