2770 4688
74 413 897 440 mmmmmfflmmmffl
903 416 1116 438 ΜΜΜΛἏἊΝ

123 650 287 742 NOVI
322 647 652 739 EDITORIS
686 649 1051 741 PRAEFATIO.

444 867 727 900 *w*

72 1048 154 1148 Hic
169 1097 284 1173 pauca
302 1086 444 1144 tantum
469 1069 698 1142 monebimus
724 1071 769 1143 de
791 1074 930 1146 ratione
948 1099 1057 1172 quam
1076 1081 1115 1150 in

71 1187 281 1260 conficienda
289 1187 422 1258 horum
432 1183 607 1256 librorum
619 1183 1027 1279 editioneinstituimus3
1044 1215 1119 1263 om·

71 1309 121 1375 nia
139 1309 232 1376 enim
251 1327 334 1400 quae
352 1301 398 1373 ad
421 1301 605 1372 historiam
624 1315 744 1373 textus
763 1317 825 1373 ant
845 1329 967 1375 rerum
989 1307 1119 1380 intelli-

70 1421 211 1516 gentiam
234 1417 488 1516 pertinebant,
507 1431 585 1488 tum
610 1419 649 1486 in
674 1417 963 1510 introductione,
985 1436 1061 1494 tum
1081 1429 1121 1497 in

70 1535 302 1630 Argumentis,
317 1530 552 1619 Excursibus,
566 1546 602 1602 et
615 1531 710 1602 notis
724 1531 868 1604 abunde
881 1535 1119 1633 explicantur.

108 1651 191 1718 Tam
231 1645 345 1717 multa
384 1642 430 1716 ad
469 1643 563 1714 hanc
601 1643 897 1716 Academicorum
939 1657 1120 1724 recensio-

70 1785 140 1832 nem
157 1776 196 1833 et
216 1759 495 1832 illustrationem
515 1757 647 1828 auxilia
667 1773 795 1855 praesto
814 1774 936 1849 erant,
956 1779 998 1833 ut
1022 1766 1122 1838 nulla

70 1873 162 1947 nobis
198 1886 402 1972 superesset
435 1892 567 1970 opera,
603 1872 673 1954 nisi
704 1885 745 1942 ut
778 1874 914 1970 optima
951 1877 1118 1974 seligere·

70 2013 155 2076 mus,
171 1988 279 2060 nobis
301 1989 423 2083 itaque
441 1985 705 2082 multosacpius
735 1985 919 2077 incubuit,
952 2005 993 2062 ut
1021 1995 1121 2066 vitio·

70 2126 133 2173 sam
152 2105 345 2173 vitaremus
363 2097 638 2185 abundantiam,
660 2112 697 2168 et
713 2098 825 2170 multa
844 2126 946 2198 quae,
964 2105 1037 2178 sive
1055 2107 1123 2181 dif-

68 2213 156 2303 lusa,
181 2218 256 2286 sive
284 2214 406 2283 minus
438 2210 539 2282 utilia
568 2211 803 2301 videbantur,
832 2217 1120 2314 excluderemus,

68 2355 167 2426 quam
185 2344 227 2400 ut
247 2351 342 2400 nova
358 2325 403 2397 de
422 2341 548 2396 nostro
566 2323 791 2412 adderemus.

69 2445 72 2450 ’
107 2449 301 2540 Postquam
313 2466 358 2513 ex
368 2440 614 2512 lliilsemanno
629 2440 784 2537 (Proleg.
798 2443 835 2512 in
845 2447 1123 2544 Acadsectlll,

68 2583 97 2655 p.
109 2561 167 2655 eia)
181 2557 454 2656 exposuerimus
475 2553 564 2650 quid
583 2553 628 2625 ad
651 2554 881 2629 illustrandos
900 2559 968 2632 hos
988 2567 1123 2639 Acade-

67 2675 171 2744 micos
184 2672 314 2757 libros,
333 2670 397 2766 qui
409 2693 495 2740 sane
506 2670 600 2739 inter
614 2667 858 2760 difficillimos,
869 2699 962 2770 quos
976 2703 1021 2748 ex
1032 2687 1123 2752 anti-

67 2787 195 2881 quitate
222 2784 458 2869 servavimus,
480 2782 787 2854 commemorandi
808 2803 914 2875 sunt,
937 2791 1053 2888 usque
1077 2794 1123 2867 ad

67 2897 153 2970 hanc
174 2913 314 2970 aetatem
339 2908 518 2967 tentatum
537 2892 662 2980 luerit3
683 2895 920 2970 indicabimus
941 2928 1031 2999 quas
1047 2910 1123 2980 edi.

69 3015 177 3085 tiones
197 3027 234 3085 ct
255 3036 336 3110 quae
358 3011 616 3080 commentaria
640 3007 746 3080 nobis
771 3013 996 3108 potissimum
1020 3021 1122 3094 adhi.

67 3125 147 3199 bere
163 3128 281 3198 visum
298 3127 353 3197 sit.

110 3241 489 3336 «wlcademicaenispp.
500 3238 658 3335 primum
671 3236 773 3308 editae
786 3256 873 3313 sunt
886 3247 1124 3350 R0mae¹l7¹,

66 3353 123 3426 lol.
139 3380 202 3454 per
220 3359 329 3426 Conr.
350 3351 598 3449 Sweynbeim,
617 3365 653 3420 et
671 3352 817 3424 Arnold.
839 3359 1021 3436 Pannarts.
1040 3370 1125 3442 Post

66 3469 156 3540 illam
173 3469 230 3542 ed.
248 3471 446 3567 principem
461 3465 594 3563 prodiit
609 3468 806 3539 Venetiana
826 3475 935 3568 1494,
954 3473 1016 3549 fol.
1032 3486 1125 3555 Dein

67 3609 190 3656 excusa
208 3599 291 3656 est:
316 3589 370 3653 lu.
396 3580 586 3652 Castellani
611 3581 711 3676 Disp.
730 3581 775 3651 ad
799 3587 1026 3664 Academicus
1052 3601 1123 3670 Cic.

66 3695 304 3782 Qutestiones,
318 3694 489 3762 Bononiae
504 3687 611 3774 1558,
629 3690 718 3760 in·8.
738 3695 781 3760 In
798 3692 931 3792 librum
950 3705 1125 3798 primum,

65 3807 177 3878 Catuli
194 3805 303 3878 titulo
321 3818 468 3890 uotum,
486 3803 764 3874 commentarius
781 3806 951 3881 Hadriani
965 3817 1126 3894 Turnebi

65 3925 188 4020 saepius
212 3944 369 3993 excusus
394 3932 467 4002 est,
494 3940 608 4014 quum
631 3923 820 4015 separatim
842 3949 887 3996 ex
909 3927 995 4002 edit.
1018 3939 1125 4006 Com-

64 4036 186 4107 melini
202 4033 294 4134 1597
312 4032 527 4133 posthuma,
546 4045 625 4102 tum
638 4033 732 4105 inter
745 4039 904 4110 Turnebi
918 4067 1037 4140 opera.
1058 4052 1128 4124 Alii

66 4147 231 4223 seruntur
241 4145 512 4238 commentarii,
524 4171 655 4245 nempe
663 4153 716 4221 Jo'.
725 4154 844 4242 Roste,
857 4153 950 4227 Prof.
960 4163 1130 4258 lenensis,

156 4270 185 4337 Ι,
211 4281 257 4328 Cic.
270 4293 328 4343 pars
344 4275 419 4324 tertia.
987 4297 1010 4340 a
