2762 4682
237 290 284 376 80
598 301 929 372 mmonucrro.

235 423 378 517 prtestari
397 444 464 486 non
490 439 586 511 posse
604 420 730 502 dicant,
749 420 854 488 officia
872 421 1024 514 exigunt,
1047 419 1081 484 id
1100 435 1170 504 est,
1192 419 1235 484 ad
1257 421 1327 485 Sa·

236 531 355 620 pientis
382 529 567 616 exemplum
588 526 821 616 philosophum
844 549 914 592 sese
937 547 1136 614 componere
1163 525 1323 606 jubent:

240 637 287 702 sic
303 635 399 700 etiam
416 634 449 698 in
474 633 538 698 hoc
562 629 728 696 studiosus
752 632 915 720 sapientiae
944 629 1101 720 quilibet,
1122 631 1324 720 Sapientem

239 742 402 821 imitatus,
418 759 437 802 a
452 737 634 802 temeritate
650 759 761 802 cavere
777 754 811 802 et
837 736 1105 827 approbationem
1127 753 1324 826 temperare

241 845 399 912 debuerit.

286 949 338 1030 54.
378 949 454 1032 Quo
485 963 594 1012 autem
620 946 842 1014 moderamine
876 948 1009 1037 Epoche
1035 948 1085 1013 uti
1113 945 1322 1036 expedierit,

239 1074 277 1121 ut
300 1053 556 1145 Pyrrhoniarum
575 1052 704 1116 illarum
726 1051 903 1142 tigidarum
919 1053 1170 1141 responsionum
1188 1051 1324 1116 invidia

239 1163 377 1242 vitetur,
397 1179 494 1222 nemo
512 1155 626 1222 melius
644 1174 702 1222 aut
723 1143 898 1224 dilucidius
922 1159 1077 1223 Cicerone
1101 1158 1173 1246 ipso
1198 1157 1322 1241 docet,

239 1268 315 1356 qui,
330 1267 365 1330 in
381 1264 466 1328 libro
480 1263 545 1344 jam
562 1264 677 1352 saepius
694 1264 792 1329 citato
811 1263 873 1352 (r),
900 1266 969 1330 haec
982 1287 1021 1328 ex
1039 1263 1245 1328 Clitomacho
1262 1287 1323 1327 re·

239 1373 304 1436 lert
323 1395 330 1436 :
349 1371 453 1454 «Quae
482 1391 585 1456 quum
611 1369 810 1457 exposuisset
839 1368 1111 1457 [Clitomachus]
1135 1367 1292 1456 adjungit
1312 1391 1321 1432 ε

241 1475 425 1563 Dupliciter
440 1473 506 1538 dici
522 1465 671 1538 assensus
690 1475 848 1539 sustinere
874 1475 1067 1563 Sapientem.
1087 1475 1162 1538 Uno
1188 1471 1321 1554 modo,

243 1603 347 1671 quum
364 1580 429 1645 hoc
454 1580 666 1670 intelligatur,
685 1581 822 1646 omnino
846 1604 923 1646 eum
946 1582 993 1646 rei
1025 1579 1106 1644 nulli
1133 1579 1320 1644 assentiri:

241 1689 480 1775 altero‚·quum
497 1708 538 1776 se
560 1709 577 1750 a
596 1685 825 1776 respondendo
853 1685 926 1774 [ut‚
949 1703 1006 1750 aut
1027 1685 1186 1775 approbet
1207 1684 1320 1773 quid,

242 1808 300 1858 aut
318 1792 507 1881 improbet]
522 1841 530 1876 ,
551 1793 729 1874 sustineat,
750 1811 788 1858 ut
810 1817 918 1880 neque
934 1809 1030 1882 neget
1043 1789 1186 1880 aliquid,
1203 1813 1320 1879 neque

242 1901 315 1964 aiat.
335 1897 373 1962 Id
391 1921 495 1986 quum
511 1899 553 1961 ita
569 1899 626 1981 sit;
642 1900 778 1962 alterum
795 1900 937 1986 placere,
951 1916 989 1963 ut
1004 1919 1184 1985 numquam
1203 1919 1320 1960 assen-

238 1999 341 2068 tiatur
357 2025 365 2066 :
383 2005 519 2066 alterum
536 2019 665 2084 tenere,
677 2019 716 2066 ut
727 2025 868 2090 sequens
878 2002 1153 2091 probabilitatem,
1165 2003 1321 2066 ubicum-

242 2133 306 2198 que
328 2109 396 2172 haec
420 2126 477 2173 aut
499 2126 669 2190 occurrat,
688 2127 744 2172 aut
769 2107 914 2192 deficiat,
944 2125 1001 2174 aut
1025 2109 1136 2174 Etiam
1157 2124 1214 2173 aut
1238 2108 1320 2172 Non

242 2212 438 2303 respondere
447 2213 550 2300 possit
561 2245 583 2277 υ.
597 2211 698 2298 [Quae
715 2213 847 2301 quidem
862 2237 1043 2302 numquam
1052 2213 1319 2301 Pyrrhoniorum

243 2319 383 2408 Aphasia
409 2315 605 2406 respondere
633 2321 839 2386 sustineret:
867 2319 924 2385 sed
948 2321 1019 2402 illa,
1045 2317 1158 2383 Nihilo
1180 2321 1291 2407 tnagis
1304 2365 1316 2398 ‚

242 2425 339 2488 Nilu'l
352 2419 486 2508 definio,
512 2423 598 2511 etc]
624 2425 799 2514 Subjungit
812 2427 881 2514 ipse
896 2427 1012 2490 Cicero
1032 2424 1079 2514 (2)
1099 2447 1107 2487 :
1126 2423 1269 2508 «Quum
1281 2423 1318 2488 id

244 2531 382 2620 placeat,
398 2552 490 2610 eum,
511 2528 622 2616 quide
639 2531 791 2596 omnibus
810 2531 908 2596 rebus
920 2531 1086 2597 contineat
1096 2553 1130 2594 se
1146 2530 1187 2594 ab
1201 2553 1317 2594 assen-

242 2635 375 2712 tiendo,
395 2636 519 2700 moveri
543 2620 651 2700 tamen
678 2653 711 2700 et
728 2659 822 2726 agere
839 2636 977 2726 aliquid;
1000 2637 1130 2726 reliquit
1150 2635 1317 2722 [Camea-

243 2741 324 2830 des]
345 2740 504 2822 ejusmodi
520 2742 604 2824 risa,
629 2742 748 2829 quibus
765 2743 806 2807 ad
825 2745 986 2808 actionem
1009 2744 1212 2807 excitemur:
1233 2743 1316 2806 item

245 2871 298 2927 ea,
320 2869 393 2934 quae
411 2847 601 2934 interrogati
619 2847 653 2909 in
669 2863 982 2937 utramquepartem
1000 2846 1197 2936 respondere
1209 2847 1317 2935 possi·

244 2977 337 3033 mus,
354 2970 525 3040 sequentes
541 2951 770 3018 tantummodo
786 2953 877 3041 quod
896 2957 938 3018 ita
951 2955 1057 3018 visum
1071 2955 1132 3035 sit,
1150 2953 1231 3016 dum
1243 2953 1316 3018 sine

243 3081 376 3123 assensu
392 3081 399 3122 :
418 3060 524 3146 neque
540 3075 649 3122 tamen
669 3059 779 3124 omnia
797 3059 955 3139 ejusmodi
968 3061 1035 3125 visa
1048 3057 1236 3148 approbari,
1255 3057 1315 3122 sed

244 3187 365 3253 eaquae
380 3166 467 3229 nulla
485 3190 520 3230 re
534 3167 753 3255 impediantur
767 3192 796 3251 ¹¹3
822 3166 855 3232 id
869 3185 935 3252 est,
957 3191 1025 3232 non
1039 3189 1153 3232 omnes
1172 3165 1315 3254 phanta-

246 3270 326 3349 sias,
342 3269 399 3334 sed
415 3293 486 3357 quae
499 3272 565 3336 sint
580 3273 778 3361 aperispasti.
971 3349 979 3358 ,

291 3371 342 3438 55.
361 3375 474 3458 Quum
493 3390 601 3440 autem
615 3377 682 3440 visa
698 3399 734 3440 ea
747 3375 856 3441 relicta
872 3376 969 3456 dicit,
986 3400 1046 3442 nec
1062 3376 1184 3440 sublata
1199 3398 1218 3438 a
1235 3377 1315 3439 Car-

245 3476 445 3567 neade,quae
458 3480 646 3574 interrogati
663 3483 696 3546 in
709 3499 1016 3572 utramquepartem
1029 3479 1226 3570 respondere
1242 3502 1314 3569 pos·

245 3584 363 3664 simus,
385 3585 603 3653 Carneadeam
622 3587 796 3678 quamdam
813 3590 1053 3679 phantasiarum
1083 3588 1274 3653 divisionem
1294 3609 1313 3650 a

243 3691 408 3754 Numenio
427 3690 598 3758 indicatam
617 3694 795 3785 significare
820 3695 911 3760 illum
927 3695 1068 3760 voluisse
1091 3693 1309 3758 existimarim.

243 3794 432 3860 Plantariae
442 3797 511 3860 aliae
522 3811 630 3876 tarint,
644 3799 677 3864 id
691 3817 760 3883 est,
780 3801 994 3890 firmantes,
1012 3801 1103 3889 quasi
1115 3799 1203 3864 dicas
1220 3799 1308 3887 posi·

277 3971 317 4036 (r)
331 3977 360 4022 lu
372 3975 487 4035 Lucullo,
499 3993 553 4040 cap.
567 3978 608 4026 3².

276 4060 316 4129 (a)
329 4062 393 4112 Ibid.
