2762 4656
255 392 501 464 ACADEMIQ
525 397 562 481 l,
588 395 722 466 LIBER
746 395 800 484 11,
831 393 884 466 15.
1034 423 1105 495 ²99

34 503 186 584 turbare
213 515 290 585 veri
317 515 582 612 cognitionem,
612 515 778 616 dixitque
806 515 975 615 sapientis
1005 540 1103 605 esse,

34 625 249 723 opinionem
284 649 305 695 a
333 625 587 722 perspicuitate
614 625 832 725 sejungere;
860 623 951 696 nihil
982 624 1103 724 profe·

34 739 125 806 cit²⁷
136 761 144 804 ε
157 735 270 832 ipsius
288 735 383 806 enim
402 734 584 833 opinionis
602 757 761 807 errorem
777 735 879 806 nullo
897 734 1008 806 modo
1024 759 1104 806 sus·

35 843 120 914 tulit
130 836 174 913 ¹⁸.

82 957 162 1024 XV.
182 952 451 1043 Quamobrem¹
473 977 589 1050 quum
609 951 690 1026 duae
715 977 829 1026 causae
850 955 1049 1053 perspicuis
1067 966 1104 1025 et
1122 969 1156 1031 tt

36 1060 287 1134 evidentibus²
308 1059 417 1134 rebus
437 1061 684 1154 adversentur,
702 1065 833 1136 auxilia
849 1063 1001 1135 totidem
1019 1077 1105 1135 sunt

36 1183 164 1241 contm
177 1171 431 1269 comparando.
446 1171 685 1246 Adversatur³
700 1176 798 1246 enim
811 1178 987 1274 primum,
1004 1172 1105 1272 quod

38 1303 166 1378 parum
186 1278 352 1380 defigunt
369 1282 509 1355 animos
523 1297 560 1355 et
577 1284 773 1358 intendunt
791 1288 829 1357 in
848 1309 910 1376 ea,
930 1308 1009 1382 quae
1027 1305 1104 1383 per·

39 1541 143 1590 Gtereus
158 1541 215 1605 dat,
231 1563 244 1587 ι
254 1538 318 1592 Nam
327 1541 370 1608 qul
383 1541 462 1594 voluit
474 1543 547 1595 sabe,
592 1535 653 1587 mihi
669 1550 751 1588 tamen
764 1537 861 1598 minus,
876 1555 948 1604 quum
961 1541 1021 1589 Ern.
1036 1539 1104 1588 satis·

38 1621 157 1670 «sontes
178 1622 301 1688 Epicurus
324 1621 335 1688 (
342 1623 363 1672 is
386 1625 428 1688 qut
451 1624 548 1674 videm·
591 1619 667 1670 facit:
681 1635 738 1668 nam
749 1619 880 1684 eqsridem‚
893 1619 941 1668 nisi
954 1618 1052 1683 vulgata
1065 1633 1106 1666 ve-

40 1710 104 1751 cuut.
118 1699 347 1766 r.c.)dixitqne·.
362 1702 550 1763 neutralem,
592 1698 685 1746 sissima
707 1710 786 1758 esset,
801 1695 887 1764 effecit
904 1698 1056 1764 prssierrem,
1077 1707 1106 1746 ut

40 1777 128 1840 inquit,
142 1777 200 1828 Π.
209 1781 265 1828 DI).
277 1780 304 1827 iu
313 1796 386 1828 causa
398 1792 470 1840 sunt,
481 1781 550 1845 quod
592 1777 692 1843 proprie
707 1789 794 1826 auctor
808 1777 876 1826 alibi.
891 1773 924 1826 G.
938 1803 973 1814 -
986 1778 1014 1825 P.
1028 1776 1105 1824 Faber

40 1853 160 1922 tricasque
167 1857 323 1907 vitiosissime
330 1857 457 1923 legebatur
466 1859 497 1908 iis
507 1859 551 1925 qui
592 1855 700 1906 defendit
717 1855 848 1906 lectionem
853 1853 939 1922 fecit:
958 1855 1033 1904 verbo
1050 1877 1061 1899 ι
1072 1855 1105 1904 fe·

40 1931 549 2003 vidememnessntpstnsit,escnn
591 1936 645 1985 cit·
666 1951 719 1984 uon
736 1935 808 1985 aliter
831 1951 891 1984 usus
913 1946 950 1984 est
970 1935 1056 1986 Cicero
1078 1934 1104 1984 in

41 2013 98 2065 Vcn.
108 2024 184 2080 1494·
192 2018 258 2067 Crat.
267 2017 369 2066 Asceus.
380 2017 481 2082 aliasque
490 2018 547 2066 edd.
592 2017 667 2065 Tusc.
678 2016 776 2080 Disput.
786 2015 829 2065 lib.
840 2019 873 2074 V,
885 2031 939 2079 esp.
951 2015 975 2063 5.

44 2093 397 2160 sets.(modo,quodheeqai
408 2096 548 2162 omittunt),
629 2093 671 2146 sd.
684 2095 795 2160 Ipsius...
815 2095 885 2144 nullo
905 2094 980 2142 mado
997 2090 1102 2142 sustulit.

42 2171 73 2220 sic
89 2185 117 2222 ut
135 2175 298 2238 reposuimus.
315 2171 416 2240 Duplex
429 2191 499 2224 causa
509 2191 550 2223 er·
592 2169 622 2221 ld
640 2185 689 2234 est,
709 2190 808 2239 equum
829 2173 972 2240 opinionem
992 2189 1021 2224 ex
1035 2183 1103 2238 purte

43 2253 87 2298 rori
97 2268 180 2302 ausam
191 2249 298 2318 prebuit
308 2267 316 2303 τ
326 2254 406 2319 primo
420 2253 489 2319 quod
497 2270 550 2303 nou
592 2270 672 2302 versus
680 2290 688 2316 ,
697 2271 728 2302 ex
737 2265 807 2320 parte
817 2253 901 2302 falsam
915 2253 1104 2318 pronuntiaret,

42 2324 348 2396 intedigerent,subrenir·e
356 2334 441 2398 errari,
452 2333 550 2384 h.l.slo
594 2344 683 2382 eertsm
698 2333 751 2382 veri
766 2333 907 2383 inveniendi
927 2333 993 2382 viam
1012 2332 1104 2382 nullam

43 2403 98 2468 dici,
115 2419 142 2458 ut
160 2409 224 2458 alibi
236 2421 340 2473 auctor,
353 2412 479 2462 subvenire
492 2423 551 2462 tem·
592 2413 688 2478 speruit
697 2435 721 2464 a.
735 2409 767 2462 G.

38 2489 136 2550 petrau,
150 2487 299 2556 gravedini,
315 2489 491 2552 sollicitudini,
503 2491 551 2541 tol·
627 2489 1105 2558 1V.r.Qaarnadrens.Huctrsnsposui·

42 2565 102 2615 leudi
115 2583 203 2632 nempe
213 2577 239 2616 et
248 2569 379 2618 amovendi
391 2570 432 2630 vi,
449 2569 548 2622 scribit:
593 2587 647 2620 mus
660 2588 716 2619 curn
728 2575 800 2622 Grut.
813 2583 838 2620 et
852 2571 936 2619 Deris.
950 2570 1038 2635 capitis
1056 2569 1103 2617 ini·

43 2641 123 2694 deinde
139 2645 208 2712 qnod
226 2663 279 2696 nou
293 2647 404 2698 viderent
419 2649 509 2713 verbs,
530 2649 550 2699 s's
593 2651 759 2718 tium,quippe
769 2667 820 2715 quo
829 2651 918 2700 rectius
926 2647 1066 2714 pertineret.
1074 2647 1105 2697 G.

44 2723 83 2786 qui
90 2725 204 2790 (virgula
215 2724 293 2776 deleta
303 2725 323 2794 ),
374 2730 549 2794 cognitionem,
628 2745 654 2779 u.
673 2729 808 2795 Perspicitis
827 2742 852 2779 et
864 2721 1011 2779 evidentibus
1025 2727 1103 2776 rebus.

42 2800 66 2849 iu
74 2805 211 2867 parenthesi
226 2819 278 2853 esse
291 2806 421 2871 ponends,
432 2807 464 2857 sd
475 2826 550 2874 quam
595 2809 642 2858 His
652 2809 733 2861 verbis
742 2825 847 2874 gracum
866 2805 979 2878 drappia
992 2821 1106 2870 compen·

41 2881 84 2940 itur
93 2895 183 2949 sponte
192 2901 236 2933 sus
244 2886 358 2950 proxima
372 2903 420 2952 que
427 2889 548 2937 admoue-
592 2905 645 2937 aare
657 2887 745 2938 voluit.
764 2887 802 2936 Cf.
813 2905 887 2954 suprs
906 2889 933 2947 ⁶,
946 2901 977 2950 17
990 2899 997 2934 τ
1016 2907 1027 2929 ι
1043 2883 1105 2933 nihil

43 2959 167 3028 bamque
185 2963 226 3012 vel
241 2963 301 3012 alibi
320 2967 431 3030 parenth.
449 2969 548 3033 excipit.
592 2967 680 3032 clarius
695 2961 818 3035 ἐναργιίᾳ,
838 2979 866 3016 ut
882 2967 982 3017 Greci:
1008 2964 1105 3029 perspi·

44 3039 111 3091 Cous.
121 3043 196 3108 Legg.
210 3043 267 3105 ln,
285 3057 309 3105 t,
323 3057 416 3106 s,eto.
430 3073 465 3084 —
479 3045 550 3112 Opin.
592 3047 719 3104 cultatem,
729 3054 772 3093 unt
785 3039 933 3094 evidentiam
946 3060 1008 3106 uos,
1018 3044 1039 3091 si
1049 3041 1103 3108 pls·

43 3121 238 3186 spersps'cuitats
254 3119 350 3189 sejang,
373 3125 474 3174 Censuit
493 3125 551 3190 Epi·
593 3137 640 3184 cet,
651 3125 814 3184 nominemus,
826 3133 875 3174 etc.
886 3147 899 3168 ι
914 3125 945 3172 G.

43 3213 115 3260 mm,
126 3198 257 3261 αἰσθήσεις,
273 3218 293 3251 s.
307 3217 404 3262 sensus,
417 3220 550 3269 uumqusm
629 3205 654 3254 3.
667 3203 825 3254 Adversatur.
838 3197 902 3252 Sica
915 3203 971 3250 Π.
982 3201 1038 3250 DI).
1051 3217 1106 3250 cor·

44 3294 87 3326 nou
97 3297 193 3330 venees
202 3298 270 3339 esse,
286 3299 361 3346 quum
376 3284 549 3348 perspicuitate
592 3293 745 3344 rectumst,
765 3283 822 3331 licet
842 3294 866 3330 et
881 3281 967 3347 scripti
980 3280 1044 3341 mei,
1065 3291 1105 3338 et,

43 3357 158 3422 utuntur,
179 3360 311 3426 opiniones
330 3377 398 3420 vero,
418 3379 473 3427 que
491 3375 550 3413 suut
592 3366 618 3413 ni
627 3363 706 3422 fallor,
715 3379 799 3412 omnes
808 3361 925 3420 omnium,
935 3359 1105 3410 adversantur.

44 3449 117 3487 rosus
129 3437 159 3488 ds
172 3439 349 3504 visisiudieis,
363 3458 548 3507 nonnumquam
592 3445 704 3493 Tuentur
723 3451 843 3506 receptam
863 3441 929 3490 Crat.
944 3451 968 3488 et
981 3438 1035 3488 alise
1048 3437 1103 3488 edd.

44 3529 119 3578 vens,
144 3534 329 3583 nonnumquam
356 3517 428 3568 falsus
454 3521 549 3570 statuit.
593 3533 653 3571 vett.
667 3525 750 3587 Atque
769 3537 826 3570 ssue
844 3531 914 3568 natus
933 3519 974 3566 hic
993 3517 1101 3583 plurium

43 3593 103 3644 Sext.
114 3597 185 3662 Emp.
193 3598 251 3647 sdv.
258 3597 337 3648 Mssh.
347 3597 448 3658 lileI,
456 3597 479 3664 S.
490 3601 549 3649 aad.
593 3599 784 3651 verbinusuerus
793 3616 824 3648 ex
832 3614 966 3665 progresso
975 3595 1102 3646 adversen-

43 3671 113 3724 laert.
123 3677 157 3735 X,
171 3676 215 3727 3¹.
592 3692 632 3729 tar
647 3680 753 3739 videtur,
772 3679 857 3728 scribis
867 3677 898 3727 sd
917 3675 1104 3742 explicationem

73 3769 113 3814 η.
125 3753 320 3822 llilnlproseeit.
332 3757 373 3806 ste
383 3767 488 3822 quatuor
500 3759 548 3807 mei
593 3761 719 3808 causarum
736 3760 835 3807 istarum
847 3759 949 3805 ducrum
963 3772 1014 3804 nou
1026 3766 1103 3804 atten-

44 3827 95 3897 ttd.
110 3835 141 3883 At
151 3831 242 3886 Wrat.
254 3833 370 3900 perfecit,
382 3836 451 3902 quod
461 3854 493 3886 ex
507 3855 548 3886 eo·
593 3837 715 3888 dentibus.
742 3839 817 3887 Posse
838 3849 918 3885 tsmen
939 3833 1103 3884 adversantur

44 3909 91 3958 dem
102 3931 239 3980 percomp.
253 3925 344 3965 ortum.
365 3915 425 3966 Inde
445 3915 472 3964 P.
491 3915 548 3965 Ms-
594 3913 711 3975 defendi,
730 3933 780 3966 uon
800 3933 899 3982 negem,
917 3915 938 3962 si
956 3914 989 3963 ob
1007 3909 1104 3975 longius

45 3999 93 4040 sut.
113 3994 172 4042 olim
192 3993 318 4058 vulgatum
327 3993 437 4061 feeitex
450 3996 549 4061 ingenio
593 3993 746 4043 interuallum
771 3995 798 4042 iu
820 3993 914 4054 verbis,
934 3991 1037 4039 alterurn
1051 4001 1101 4045 est,

45 4067 129 4120 dedisse
142 4072 291 4132 videtur‚ex
305 4073 351 4122 ista
362 4075 475 4123 varietate
490 4076 547 4123 sius·
593 4085 717 4122 auctorem
741 4091 772 4123 ex
799 4071 990 4122 constructionis
1021 4077 1103 4114 tenore

44 4148 93 4210 ples
102 4153 202 4202 verbum
211 4169 259 4218 pro
273 4153 462 4214 veroiudicans.
474 4154 551 4219 Quod
594 4153 671 4201 exisse
683 4153 792 4216 putaris;
806 4151 876 4212 cujus
888 4147 1014 4196 anornslioe
1027 4160 1102 4192 esern-
