<?xml version="1.0" encoding="UTF-8"?>
<!DOCTYPE html PUBLIC "-//W3C//DTD XHTML 1.0 Transitional//EN"
    "http://www.w3.org/TR/xhtml1/DTD/xhtml1-transitional.dtd">
<html xmlns="http://www.w3.org/1999/xhtml" xml:lang="en" lang="en">
 <head>
  <title>
</title>
<meta http-equiv="Content-Type" content="text/html;charset=utf-8" />
  <meta name='ocr-system' content='tesseract 3.04.00' />
  <meta name='ocr-capabilities' content='ocr_page ocr_carea ocr_par ocr_line ocrx_word'/>
</head>
<body>
  <div class='ocr_page' id='page_1' title='image "./mtciceronisquae01lemagoog_0469.png"; bbox 0 0 2744 4684; ppageno 0'>
   <div class='ocr_carea' id='block_1_1' title="bbox 52 333 1135 1303">
    <p class='ocr_par' dir='ltr' id='par_1_1' title="bbox 54 333 1135 1106">
     <span class='ocr_line' id='line_1_1' title="bbox 290 333 1135 450; baseline 0.022 -49"><span class='ocrx_word' id='word_1_1' title='bbox 290 333 537 410; x_wconf 84' lang='lat' dir='ltr'><strong>ACADEMIC.</strong></span> <span class='ocrx_word' id='word_1_2' title='bbox 563 343 596 427; x_wconf 90' lang='lat' dir='ltr'><strong>l,</strong></span> <span class='ocrx_word' id='word_1_3' title='bbox 611 345 759 429; x_wconf 81' lang='lat' dir='ltr'><strong>¹LIBER</strong></span> <span class='ocrx_word' id='word_1_4' title='bbox 779 347 832 430; x_wconf 92' lang='lat' dir='ltr'><strong>ll,</strong></span> <span class='ocrx_word' id='word_1_5' title='bbox 857 346 915 432; x_wconf 69' lang='grc'><strong>48.</strong></span> <span class='ocrx_word' id='word_1_6' title='bbox 1062 358 1135 450; x_wconf 69' lang='grc'><strong>449</strong></span> 
     </span>
     <span class='ocr_line' id='line_1_2' title="bbox 61 453 1135 574; baseline 0.023 -51"><span class='ocrx_word' id='word_1_7' title='bbox 61 453 246 548; x_wconf 86' lang='lat' dir='ltr'><strong>probans,</strong></span> <span class='ocrx_word' id='word_1_8' title='bbox 261 453 313 526; x_wconf 92' lang='lat' dir='ltr'><strong>illi</strong></span> <span class='ocrx_word' id='word_1_9' title='bbox 326 454 428 529; x_wconf 89' lang='lat' dir='ltr'><strong>alteri</strong></span> <span class='ocrx_word' id='word_1_10' title='bbox 445 462 646 548; x_wconf 77' lang='lat' dir='ltr'><strong>sententiae,</strong></span> <span class='ocrx_word' id='word_1_11' title='bbox 665 461 755 544; x_wconf 88' lang='lat' dir='ltr'><strong>nihil</strong></span> <span class='ocrx_word' id='word_1_12' title='bbox 769 488 864 554; x_wconf 84' lang='lat' dir='ltr'><strong>esse,</strong></span> <span class='ocrx_word' id='word_1_13' title='bbox 884 471 984 566; x_wconf 93' lang='lat' dir='ltr'><strong>quod</strong></span> <span class='ocrx_word' id='word_1_14' title='bbox 998 478 1135 574; x_wconf 83' lang='lat' dir='ltr'><strong>percipi</strong></span> 
     </span>
     <span class='ocr_line' id='line_1_3' title="bbox 59 565 1133 676; baseline 0.021 -42"><span class='ocrx_word' id='word_1_15' title='bbox 59 568 207 658; x_wconf 87' lang='lat' dir='ltr'><strong>possit,</strong></span> <span class='ocrx_word' id='word_1_16' title='bbox 224 565 458 640; x_wconf 80' lang='lat' dir='ltr'><strong>vehementer</strong></span> <span class='ocrx_word' id='word_1_17' title='bbox 470 569 655 642; x_wconf 86' lang='lat' dir='ltr'><strong>assentior.</strong></span> <span class='ocrx_word' id='word_1_18' title='bbox 664 615 711 625; x_wconf 89' lang='lat'><em>—</em></span> <span class='ocrx_word' id='word_1_19' title='bbox 723 571 865 664; x_wconf 88' lang='lat' dir='ltr'><strong>Habeo,</strong></span> <span class='ocrx_word' id='word_1_20' title='bbox 878 578 1043 676; x_wconf 90' lang='lat' dir='ltr'><strong>inquam,</strong></span> <span class='ocrx_word' id='word_1_21' title='bbox 1056 611 1133 656; x_wconf 88' lang='lat' dir='ltr'><strong>sen·</strong></span> 
     </span>
     <span class='ocr_line' id='line_1_4' title="bbox 57 676 1134 783; baseline 0.024 -42"><span class='ocrx_word' id='word_1_22' title='bbox 57 676 221 780; x_wconf 71' lang='lat' dir='ltr'><strong>tentiam</strong></span> <span class='ocrx_word' id='word_1_23' title='bbox 239 690 356 766; x_wconf 89' lang='lat' dir='ltr'><strong>tuam,</strong></span> <span class='ocrx_word' id='word_1_24' title='bbox 378 702 445 749; x_wconf 90' lang='lat' dir='ltr'><strong>nec</strong></span> <span class='ocrx_word' id='word_1_25' title='bbox 466 703 544 750; x_wconf 85' lang='lat' dir='ltr'><strong>eam</strong></span> <span class='ocrx_word' id='word_1_26' title='bbox 567 681 763 753; x_wconf 88' lang='lat' dir='ltr'>admodum</span> <span class='ocrx_word' id='word_1_27' title='bbox 782 709 963 783; x_wconf 84' lang='lat' dir='ltr'><strong>aspernor.</strong></span> <span class='ocrx_word' id='word_1_28' title='bbox 982 692 1051 764; x_wconf 88' lang='lat' dir='ltr'><strong>Sed</strong></span> <span class='ocrx_word' id='word_1_29' title='bbox 1066 695 1134 767; x_wconf 90' lang='lat' dir='ltr'><strong>tibi</strong></span> 
     </span>
     <span class='ocr_line' id='line_1_5' title="bbox 57 784 1132 893; baseline 0.023 -42"><span class='ocrx_word' id='word_1_30' title='bbox 57 784 160 877; x_wconf 89' lang='lat' dir='ltr'><strong>quid</strong></span> <span class='ocrx_word' id='word_1_31' title='bbox 186 786 330 858; x_wconf 89' lang='lat' dir='ltr'><strong>tandem</strong></span> <span class='ocrx_word' id='word_1_32' title='bbox 355 787 518 879; x_wconf 76' lang='lat' dir='ltr'><strong>videtur,</strong></span> <span class='ocrx_word' id='word_1_33' title='bbox 543 795 890 866; x_wconf 70' lang='lat' dir='ltr'><strong>Hortensii-Tum</strong></span> <span class='ocrx_word' id='word_1_34' title='bbox 912 798 972 870; x_wconf 87' lang='lat' dir='ltr'><strong>ille</strong></span> <span class='ocrx_word' id='word_1_35' title='bbox 990 801 1132 893; x_wconf 89' lang='lat' dir='ltr'><strong>ridens,</strong></span> 
     </span>
     <span class='ocr_line' id='line_1_6' title="bbox 55 892 1131 1000; baseline 0.023 -40"><span class='ocrx_word' id='word_1_36' title='bbox 55 892 334 966; x_wconf 85' lang='lat' dir='ltr'><strong>Tollendum¹¹.</strong></span> <span class='ocrx_word' id='word_1_37' title='bbox 349 903 528 970; x_wconf 83' lang='lat' dir='ltr'><strong>-Teneo</strong></span> <span class='ocrx_word' id='word_1_38' title='bbox 553 911 643 989; x_wconf 61' lang='lat' dir='ltr'><strong>test,</strong></span> <span class='ocrx_word' id='word_1_39' title='bbox 671 903 829 1000; x_wconf 87' lang='lat' dir='ltr'><strong>inquam.</strong></span> <span class='ocrx_word' id='word_1_40' title='bbox 855 909 944 978; x_wconf 87' lang='lat' dir='ltr'><strong>Nam</strong></span> <span class='ocrx_word' id='word_1_41' title='bbox 970 911 1035 982; x_wconf 90' lang='lat' dir='ltr'><strong>ista</strong></span> <span class='ocrx_word' id='word_1_42' title='bbox 1055 935 1131 986; x_wconf 88' lang='lat' dir='ltr'><strong>eca-</strong></span> 
     </span>
     <span class='ocr_line' id='line_1_7' title="bbox 54 1001 652 1106; baseline 0.015 -33"><span class='ocrx_word' id='word_1_43' title='bbox 54 1001 191 1074; x_wconf 89' lang='lat' dir='ltr'><strong>demiae</strong></span> <span class='ocrx_word' id='word_1_44' title='bbox 217 1021 271 1077; x_wconf 89' lang='lat' dir='ltr'><strong>est</strong></span> <span class='ocrx_word' id='word_1_45' title='bbox 292 1009 439 1106; x_wconf 89' lang='lat' dir='ltr'><strong>propria</strong></span> <span class='ocrx_word' id='word_1_46' title='bbox 462 1013 652 1092; x_wconf 86' lang='lat' dir='ltr'><strong>sententia.</strong></span> 
     </span>
    </p>

    <p class='ocr_par' dir='ltr' id='par_1_2' title="bbox 52 1115 1128 1303">
     <span class='ocr_line' id='line_1_8' title="bbox 109 1115 1128 1216; baseline 0.024 -34"><span class='ocrx_word' id='word_1_47' title='bbox 109 1115 165 1184; x_wconf 86' lang='lat' dir='ltr'><strong>Ita</strong></span> <span class='ocrx_word' id='word_1_48' title='bbox 195 1139 362 1188; x_wconf 87' lang='lat' dir='ltr'>sermone</span> <span class='ocrx_word' id='word_1_49' title='bbox 395 1116 585 1208; x_wconf 84' lang='lat' dir='ltr'><strong>confect0,</strong></span> <span class='ocrx_word' id='word_1_50' title='bbox 612 1122 761 1195; x_wconf 88' lang='lat' dir='ltr'><strong>Catulus</strong></span> <span class='ocrx_word' id='word_1_51' title='bbox 783 1131 974 1216; x_wconf 78' lang='lat' dir='ltr'><strong>remansit3</strong></span> <span class='ocrx_word' id='word_1_52' title='bbox 996 1155 1063 1203; x_wconf 91' lang='lat' dir='ltr'><strong>nos</strong></span> <span class='ocrx_word' id='word_1_53' title='bbox 1084 1133 1128 1206; x_wconf 86' lang='lat' dir='ltr'><strong>ad</strong></span> 
     </span>
     <span class='ocr_line' id='line_1_9' title="bbox 52 1223 688 1303; baseline 0.013 -11"><span class='ocrx_word' id='word_1_54' title='bbox 52 1223 241 1296; x_wconf 81' lang='lat' dir='ltr'><strong>naviculas</strong></span> <span class='ocrx_word' id='word_1_55' title='bbox 264 1241 404 1300; x_wconf 87' lang='lat' dir='ltr'><strong>nostras</strong></span> <span class='ocrx_word' id='word_1_56' title='bbox 427 1227 688 1303; x_wconf 82' lang='lat' dir='ltr'><strong>descendimus.</strong></span> 
     </span>
    </p>
   </div>
   <div class='ocr_carea' id='block_1_2' title="bbox 39 1414 1126 2836">
    <p class='ocr_par' dir='ltr' id='par_1_3' title="bbox 49 1414 1126 1580">
     <span class='ocr_line' id='line_1_10' title="bbox 49 1414 1126 1499; baseline 0.017 -37"><span class='ocrx_word' id='word_1_57' title='bbox 49 1414 136 1464; x_wconf 80' lang='lat' dir='ltr'><strong>laxior</strong></span> <span class='ocrx_word' id='word_1_58' title='bbox 143 1428 225 1465; x_wconf 74' lang='lat' dir='ltr'><strong>surm</strong></span> <span class='ocrx_word' id='word_1_59' title='bbox 233 1419 396 1479; x_wconf 74' lang='lat' dir='ltr'><strong>consuactio,</strong></span> <span class='ocrx_word' id='word_1_60' title='bbox 407 1437 479 1484; x_wconf 82' lang='lat' dir='ltr'><strong>qnam</strong></span> <span class='ocrx_word' id='word_1_61' title='bbox 488 1422 569 1484; x_wconf 78' lang='lat' dir='ltr'><strong>rides,</strong></span> <span class='ocrx_word' id='word_1_62' title='bbox 612 1421 671 1474; x_wconf 75' lang='lat' dir='ltr'><strong>dam</strong></span> <span class='ocrx_word' id='word_1_63' title='bbox 683 1442 713 1474; x_wconf 89' lang='lat' dir='ltr'><strong>eo</strong></span> <span class='ocrx_word' id='word_1_64' title='bbox 726 1441 812 1486; x_wconf 67' lang='lat' dir='ltr'><strong>unsa,</strong></span> <span class='ocrx_word' id='word_1_65' title='bbox 826 1442 889 1490; x_wconf 89' lang='lat' dir='ltr'><strong>quo,</strong></span> <span class='ocrx_word' id='word_1_66' title='bbox 904 1441 1015 1494; x_wconf 83' lang='lat' dir='ltr'><strong>utsupra</strong></span> <span class='ocrx_word' id='word_1_67' title='bbox 1029 1433 1046 1499; x_wconf 69' lang='lat' dir='ltr'><strong>s</strong></span> <span class='ocrx_word' id='word_1_68' title='bbox 1060 1439 1126 1498; x_wconf 69' lang='lat'><strong>146,</strong></span> 
     </span>
     <span class='ocr_line' id='line_1_11' title="bbox 50 1499 1124 1580; baseline 0.02 -39"><span class='ocrx_word' id='word_1_69' title='bbox 50 1506 91 1542; x_wconf 83' lang='lat' dir='ltr'><strong>est</strong></span> <span class='ocrx_word' id='word_1_70' title='bbox 102 1499 210 1544; x_wconf 79' lang='lat' dir='ltr'><strong>auctoris</strong></span> <span class='ocrx_word' id='word_1_71' title='bbox 220 1499 248 1545; x_wconf 83' lang='lat' dir='ltr'><strong>in</strong></span> <span class='ocrx_word' id='word_1_72' title='bbox 258 1500 378 1548; x_wconf 85' lang='lat' dir='ltr'><strong>narrando</strong></span> <span class='ocrx_word' id='word_1_73' title='bbox 388 1501 497 1566; x_wconf 85' lang='lat' dir='ltr'><strong>propria.</strong></span> <span class='ocrx_word' id='word_1_74' title='bbox 611 1503 797 1568; x_wconf 76' lang='lat' dir='ltr'><strong>relinquendum</strong></span> <span class='ocrx_word' id='word_1_75' title='bbox 810 1506 954 1568; x_wconf 85' lang='lat' dir='ltr'><strong>opponitur,</strong></span> <span class='ocrx_word' id='word_1_76' title='bbox 965 1503 992 1556; x_wconf 89' lang='lat' dir='ltr'><strong>id</strong></span> <span class='ocrx_word' id='word_1_77' title='bbox 1004 1521 1053 1570; x_wconf 89' lang='lat' dir='ltr'><strong>est,</strong></span> <span class='ocrx_word' id='word_1_78' title='bbox 1067 1515 1124 1580; x_wconf 87' lang='lat' dir='ltr'><strong>reji-</strong></span> 
     </span>
    </p>

    <p class='ocr_par' dir='ltr' id='par_1_4' title="bbox 39 1576 1125 2836">
     <span class='ocr_line' id='line_1_12' title="bbox 91 1576 1125 1648; baseline 0.018 -26"><span class='ocrx_word' id='word_1_79' title='bbox 91 1591 132 1622; x_wconf 88' lang='lat'><strong>11.</strong></span> <span class='ocrx_word' id='word_1_80' title='bbox 146 1576 297 1626; x_wconf 81' lang='lat' dir='ltr'><strong>Tollendum.</strong></span> <span class='ocrx_word' id='word_1_81' title='bbox 309 1581 364 1626; x_wconf 83' lang='lat' dir='ltr'><strong>Hoc</strong></span> <span class='ocrx_word' id='word_1_82' title='bbox 375 1596 462 1644; x_wconf 86' lang='lat' dir='ltr'><strong>parum</strong></span> <span class='ocrx_word' id='word_1_83' title='bbox 476 1581 569 1630; x_wconf 87' lang='lat' dir='ltr'><strong>intelli·</strong></span> <span class='ocrx_word' id='word_1_84' title='bbox 610 1581 722 1630; x_wconf 79' lang='lat' dir='ltr'><strong>ciendam</strong></span> <span class='ocrx_word' id='word_1_85' title='bbox 728 1582 792 1630; x_wconf 85' lang='lat' dir='ltr'><strong>hanc</strong></span> <span class='ocrx_word' id='word_1_86' title='bbox 798 1584 942 1633; x_wconf 66' lang='lat' dir='ltr'><strong>warentiam</strong></span> <span class='ocrx_word' id='word_1_87' title='bbox 948 1586 1049 1648; x_wconf 86' lang='lat' dir='ltr'><strong>judicat.</strong></span> <span class='ocrx_word' id='word_1_88' title='bbox 1059 1594 1125 1641; x_wconf 80' lang='lat' dir='ltr'><strong>Grae·</strong></span> 
     </span>
     <span class='ocr_line' id='line_1_13' title="bbox 49 1657 1122 1731; baseline 0.019 -30"><span class='ocrx_word' id='word_1_89' title='bbox 49 1666 113 1717; x_wconf 80' lang='lat' dir='ltr'><strong>gunt</strong></span> <span class='ocrx_word' id='word_1_90' title='bbox 122 1657 179 1704; x_wconf 85' lang='lat' dir='ltr'><strong>lnrt.</strong></span> <span class='ocrx_word' id='word_1_91' title='bbox 187 1657 295 1705; x_wconf 85' lang='lat' dir='ltr'><strong>anneb.</strong></span> <span class='ocrx_word' id='word_1_92' title='bbox 307 1669 331 1706; x_wconf 90' lang='lat' dir='ltr'><strong>et</strong></span> <span class='ocrx_word' id='word_1_93' title='bbox 340 1659 423 1706; x_wconf 81' lang='lat' dir='ltr'><strong>Lamb.</strong></span> <span class='ocrx_word' id='word_1_94' title='bbox 433 1659 568 1710; x_wconf 79' lang='lat' dir='ltr'><strong>tollendam</strong></span> <span class='ocrx_word' id='word_1_95' title='bbox 609 1677 665 1709; x_wconf 89' lang='lat' dir='ltr'><strong>cnm</strong></span> <span class='ocrx_word' id='word_1_96' title='bbox 676 1673 756 1710; x_wconf 82' lang='lat' dir='ltr'><strong>autern</strong></span> <span class='ocrx_word' id='word_1_97' title='bbox 772 1661 873 1711; x_wconf 88' lang='lat' dir='ltr'><strong>verbnm</strong></span> <span class='ocrx_word' id='word_1_98' title='bbox 884 1661 957 1731; x_wconf 78' lang='lat' dir='ltr'><strong>eipso</strong></span> <span class='ocrx_word' id='word_1_99' title='bbox 967 1667 1122 1721; x_wconf 82' lang='lat' dir='ltr'><strong>Academicis</strong></span> 
     </span>
     <span class='ocr_line' id='line_1_14' title="bbox 49 1736 1123 1805; baseline 0.013 -22"><span class='ocrx_word' id='word_1_100' title='bbox 49 1736 185 1799; x_wconf 77' lang='lat' dir='ltr'><strong>corrigunt.</strong></span> <span class='ocrx_word' id='word_1_101' title='bbox 200 1737 330 1788; x_wconf 73' lang='lat' dir='ltr'><strong>aretem</strong></span> <span class='ocrx_word' id='word_1_102' title='bbox 344 1739 502 1787; x_wconf 78' lang='lat' dir='ltr'><strong>Hortensium</strong></span> <span class='ocrx_word' id='word_1_103' title='bbox 516 1756 567 1788; x_wconf 90' lang='lat' dir='ltr'><strong>non</strong></span> <span class='ocrx_word' id='word_1_104' title='bbox 608 1741 783 1790; x_wconf 86' lang='lat' dir='ltr'><strong>recentioribus</strong></span> <span class='ocrx_word' id='word_1_105' title='bbox 804 1742 930 1805; x_wconf 84' lang='lat' dir='ltr'><strong>proprium</strong></span> <span class='ocrx_word' id='word_1_106' title='bbox 953 1754 1019 1804; x_wconf 86' lang='lat' dir='ltr'><strong>erat,</strong></span> <span class='ocrx_word' id='word_1_107' title='bbox 1047 1749 1068 1794; x_wconf 88' lang='lat' dir='ltr'><strong>si</strong></span> <span class='ocrx_word' id='word_1_108' title='bbox 1092 1749 1123 1798; x_wconf 87' lang='lat' dir='ltr'><strong>de</strong></span> 
     </span>
     <span class='ocr_line' id='line_1_15' title="bbox 45 1816 1121 1890; baseline 0.009 -28"><span class='ocrx_word' id='word_1_109' title='bbox 45 1829 198 1877; x_wconf 78' lang='lat' dir='ltr'><strong>provocarat</strong></span> <span class='ocrx_word' id='word_1_110' title='bbox 210 1816 241 1864; x_wconf 82' lang='lat' dir='ltr'><strong>ad</strong></span> <span class='ocrx_word' id='word_1_111' title='bbox 253 1817 374 1878; x_wconf 82' lang='lat' dir='ltr'><strong>judicium</strong></span> <span class='ocrx_word' id='word_1_112' title='bbox 387 1833 457 1866; x_wconf 86' lang='lat' dir='ltr'><strong>sunm</strong></span> <span class='ocrx_word' id='word_1_113' title='bbox 472 1819 503 1868; x_wconf 90' lang='lat' dir='ltr'><strong>ds</strong></span> <span class='ocrx_word' id='word_1_114' title='bbox 517 1821 565 1870; x_wconf 82' lang='lat' dir='ltr'><strong>Ce-</strong></span> <span class='ocrx_word' id='word_1_115' title='bbox 607 1817 1121 1890; x_wconf 63' lang='lat' dir='ltr'><strong>mperoetleetdisputabant,qnippeqnem</strong></span> 
     </span>
     <span class='ocr_line' id='line_1_16' title="bbox 47 1893 1119 1967; baseline 0.018 -30"><span class='ocrx_word' id='word_1_116' title='bbox 47 1893 94 1939; x_wconf 85' lang='lat' dir='ltr'><strong>ruli</strong></span> <span class='ocrx_word' id='word_1_117' title='bbox 109 1897 231 1945; x_wconf 83' lang='lat' dir='ltr'><strong>sententia</strong></span> <span class='ocrx_word' id='word_1_118' title='bbox 247 1896 387 1956; x_wconf 65' lang='lat' dir='ltr'><strong>luendum,</strong></span> <span class='ocrx_word' id='word_1_119' title='bbox 405 1897 449 1946; x_wconf 89' lang='lat' dir='ltr'><strong>sed</strong></span> <span class='ocrx_word' id='word_1_120' title='bbox 464 1898 495 1947; x_wconf 89' lang='lat' dir='ltr'><strong>de</strong></span> <span class='ocrx_word' id='word_1_121' title='bbox 513 1910 564 1948; x_wconf 86' lang='lat' dir='ltr'><strong>tots</strong></span> <span class='ocrx_word' id='word_1_122' title='bbox 607 1900 732 1956; x_wconf 80' lang='lat' dir='ltr'><strong>tollerent,</strong></span> <span class='ocrx_word' id='word_1_123' title='bbox 746 1897 823 1945; x_wconf 88' lang='lat' dir='ltr'><strong>solum</strong></span> <span class='ocrx_word' id='word_1_124' title='bbox 837 1897 932 1948; x_wconf 76' lang='grc' dir='ltr'>πιθανὸν</span> <span class='ocrx_word' id='word_1_125' title='bbox 945 1901 1119 1967; x_wconf 83' lang='lat' dir='ltr'><strong>relinquentes.</strong></span> 
     </span>
     <span class='ocr_line' id='line_1_17' title="bbox 46 1971 1118 2047; baseline 0.014 -29"><span class='ocrx_word' id='word_1_126' title='bbox 46 1971 223 2038; x_wconf 82' lang='lat' dir='ltr'><strong>disputatione.</strong></span> <span class='ocrx_word' id='word_1_127' title='bbox 240 1977 323 2024; x_wconf 80' lang='lat' dir='ltr'><strong>Minus</strong></span> <span class='ocrx_word' id='word_1_128' title='bbox 333 1979 405 2026; x_wconf 82' lang='lat' dir='ltr'><strong>etiam</strong></span> <span class='ocrx_word' id='word_1_129' title='bbox 418 1977 480 2027; x_wconf 83' lang='lat' dir='ltr'><strong>bene</strong></span> <span class='ocrx_word' id='word_1_130' title='bbox 490 1979 561 2027; x_wconf 78' lang='lat' dir='ltr'><strong>Rath.</strong></span> <span class='ocrx_word' id='word_1_131' title='bbox 604 1979 669 2026; x_wconf 85' lang='lat' dir='ltr'><strong>llinc</strong></span> <span class='ocrx_word' id='word_1_132' title='bbox 679 1977 763 2041; x_wconf 79' lang='lat' dir='ltr'><strong>arripit</strong></span> <span class='ocrx_word' id='word_1_133' title='bbox 774 1976 860 2026; x_wconf 82' lang='lat' dir='ltr'><strong>Cicero</strong></span> <span class='ocrx_word' id='word_1_134' title='bbox 874 1979 1000 2028; x_wconf 82' lang='lat' dir='ltr'><strong>Hortensii</strong></span> <span class='ocrx_word' id='word_1_135' title='bbox 1012 1983 1118 2047; x_wconf 87' lang='lat' dir='ltr'><strong>dictum,</strong></span> 
     </span>
     <span class='ocr_line' id='line_1_18' title="bbox 43 2055 1117 2120; baseline 0.011 -24"><span class='ocrx_word' id='word_1_136' title='bbox 43 2055 306 2104; x_wconf 62' lang='lat' dir='ltr'><strong>excelsumveltm</strong></span> <span class='ocrx_word' id='word_1_137' title='bbox 313 2055 462 2106; x_wconf 82' lang='lat' dir='ltr'><strong>enimlocnnr</strong></span> <span class='ocrx_word' id='word_1_138' title='bbox 471 2057 561 2118; x_wconf 84' lang='lat' dir='ltr'><strong>videre,</strong></span> <span class='ocrx_word' id='word_1_139' title='bbox 603 2057 684 2104; x_wconf 82' lang='lat' dir='ltr'><strong>verbis</strong></span> <span class='ocrx_word' id='word_1_140' title='bbox 690 2056 780 2104; x_wconf 82' lang='lat' dir='ltr'><strong>additis</strong></span> <span class='ocrx_word' id='word_1_141' title='bbox 786 2090 793 2115; x_wconf 93' lang='lat'><strong>,</strong></span> <span class='ocrx_word' id='word_1_142' title='bbox 800 2077 813 2098; x_wconf 80' lang='grc' dir='ltr'>ι</span> <span class='ocrx_word' id='word_1_143' title='bbox 822 2057 904 2104; x_wconf 85' lang='lat' dir='ltr'><strong>Teneo</strong></span> <span class='ocrx_word' id='word_1_144' title='bbox 914 2066 938 2105; x_wconf 92' lang='lat' dir='ltr'><strong>te</strong></span> <span class='ocrx_word' id='word_1_145' title='bbox 945 2080 969 2118; x_wconf 71' lang='lat' dir='ltr'><strong>n,</strong></span> <span class='ocrx_word' id='word_1_146' title='bbox 976 2059 1025 2108; x_wconf 88' lang='lat' dir='ltr'><strong>boc</strong></span> <span class='ocrx_word' id='word_1_147' title='bbox 1033 2077 1117 2120; x_wconf 74' lang='lat' dir='ltr'><strong>senen:</strong></span> 
     </span>
     <span class='ocr_line' id='line_1_19' title="bbox 43 2131 1115 2204; baseline 0.007 -26"><span class='ocrx_word' id='word_1_148' title='bbox 43 2131 89 2179; x_wconf 88' lang='lat' dir='ltr'><strong>nbi</strong></span> <span class='ocrx_word' id='word_1_149' title='bbox 109 2135 232 2184; x_wconf 74' lang='lat' dir='ltr'><strong>extollere</strong></span> <span class='ocrx_word' id='word_1_150' title='bbox 250 2151 298 2200; x_wconf 87' lang='lat' dir='ltr'><strong>pro</strong></span> <span class='ocrx_word' id='word_1_151' title='bbox 320 2133 423 2199; x_wconf 73' lang='lat' dir='ltr'><strong>differre</strong></span> <span class='ocrx_word' id='word_1_152' title='bbox 444 2135 470 2183; x_wconf 81' lang='lat' dir='ltr'><strong>in</strong></span> <span class='ocrx_word' id='word_1_153' title='bbox 491 2137 563 2186; x_wconf 80' lang='lat' dir='ltr'><strong>allud</strong></span> <span class='ocrx_word' id='word_1_154' title='bbox 604 2151 770 2200; x_wconf 76' lang='lat' dir='ltr'><strong>«quamquam</strong></span> <span class='ocrx_word' id='word_1_155' title='bbox 786 2135 876 2182; x_wconf 85' lang='lat' dir='ltr'><strong>tuboe</strong></span> <span class='ocrx_word' id='word_1_156' title='bbox 895 2133 963 2185; x_wconf 83' lang='lat' dir='ltr'><strong>dicto</strong></span> <span class='ocrx_word' id='word_1_157' title='bbox 977 2137 1044 2187; x_wconf 86' lang='lat' dir='ltr'><strong>eliud</strong></span> <span class='ocrx_word' id='word_1_158' title='bbox 1061 2143 1115 2204; x_wconf 76' lang='lat' dir='ltr'><strong>vis,</strong></span> 
     </span>
     <span class='ocr_line' id='line_1_20' title="bbox 43 2213 1113 2282; baseline 0.009 -26"><span class='ocrx_word' id='word_1_159' title='bbox 43 2221 135 2274; x_wconf 80' lang='lat' dir='ltr'><strong>tempus</strong></span> <span class='ocrx_word' id='word_1_160' title='bbox 146 2214 353 2278; x_wconf 84' lang='lat' dir='ltr'><strong>temsimpliciter</strong></span> <span class='ocrx_word' id='word_1_161' title='bbox 363 2213 465 2264; x_wconf 85' lang='lat' dir='ltr'><strong>dicatur.</strong></span> <span class='ocrx_word' id='word_1_162' title='bbox 477 2215 559 2265; x_wconf 88' lang='lat' dir='ltr'><strong>Inillo</strong></span> <span class='ocrx_word' id='word_1_163' title='bbox 601 2221 681 2262; x_wconf 70' lang='lat' dir='ltr'><strong>umen</strong></span> <span class='ocrx_word' id='word_1_164' title='bbox 696 2215 723 2262; x_wconf 89' lang='lat' dir='ltr'><strong>id</strong></span> <span class='ocrx_word' id='word_1_165' title='bbox 738 2215 765 2262; x_wconf 86' lang='lat' dir='ltr'><strong>in</strong></span> <span class='ocrx_word' id='word_1_166' title='bbox 783 2229 859 2261; x_wconf 86' lang='lat' dir='ltr'><strong>meam</strong></span> <span class='ocrx_word' id='word_1_167' title='bbox 877 2225 970 2278; x_wconf 82' lang='lat' dir='ltr'><strong>partem</strong></span> <span class='ocrx_word' id='word_1_168' title='bbox 988 2233 1044 2268; x_wconf 88' lang='lat' dir='ltr'><strong>meo</strong></span> <span class='ocrx_word' id='word_1_169' title='bbox 1058 2221 1113 2282; x_wconf 80' lang='lat' dir='ltr'><strong>jure</strong></span> 
     </span>
     <span class='ocr_line' id='line_1_21' title="bbox 43 2293 1112 2359; baseline 0.012 -22"><span class='ocrx_word' id='word_1_170' title='bbox 43 2293 108 2339; x_wconf 86' lang='lat' dir='ltr'><strong>enirn</strong></span> <span class='ocrx_word' id='word_1_171' title='bbox 119 2294 237 2341; x_wconf 73' lang='lat' dir='ltr'><strong>Plautino</strong></span> <span class='ocrx_word' id='word_1_172' title='bbox 247 2295 305 2342; x_wconf 87' lang='lat' dir='ltr'><strong>loco</strong></span> <span class='ocrx_word' id='word_1_173' title='bbox 313 2293 435 2342; x_wconf 78' lang='lat' dir='ltr'><strong>benevim</strong></span> <span class='ocrx_word' id='word_1_174' title='bbox 445 2305 558 2342; x_wconf 81' lang='lat' dir='ltr'><strong>contexta</strong></span> <span class='ocrx_word' id='word_1_175' title='bbox 599 2294 753 2358; x_wconf 86' lang='lat' dir='ltr'><strong>interpretor,</strong></span> <span class='ocrx_word' id='word_1_176' title='bbox 761 2293 869 2356; x_wconf 86' lang='lat' dir='ltr'><strong>qnnmid</strong></span> <span class='ocrx_word' id='word_1_177' title='bbox 876 2297 1005 2359; x_wconf 85' lang='lat' dir='ltr'><strong>proprium</strong></span> <span class='ocrx_word' id='word_1_178' title='bbox 1013 2299 1112 2350; x_wconf 85' lang='lat' dir='ltr'><strong>verbum</strong></span> 
     </span>
     <span class='ocr_line' id='line_1_22' title="bbox 41 2370 1110 2442; baseline 0.011 -26"><span class='ocrx_word' id='word_1_179' title='bbox 41 2370 187 2421; x_wconf 84' lang='lat' dir='ltr'><strong>admittant.</strong></span> <span class='ocrx_word' id='word_1_180' title='bbox 196 2375 229 2422; x_wconf 81' lang='lat' dir='ltr'><strong>Et</strong></span> <span class='ocrx_word' id='word_1_181' title='bbox 240 2383 319 2420; x_wconf 88' lang='lat' dir='ltr'><strong>temen</strong></span> <span class='ocrx_word' id='word_1_182' title='bbox 331 2389 362 2421; x_wconf 90' lang='lat' dir='ltr'><strong>ne</strong></span> <span class='ocrx_word' id='word_1_183' title='bbox 372 2373 407 2420; x_wconf 87' lang='lat' dir='ltr'><strong>sic</strong></span> <span class='ocrx_word' id='word_1_184' title='bbox 417 2373 515 2436; x_wconf 86' lang='lat' dir='ltr'><strong>quidem</strong></span> <span class='ocrx_word' id='word_1_185' title='bbox 525 2375 558 2422; x_wconf 87' lang='lat' dir='ltr'><strong>ad</strong></span> <span class='ocrx_word' id='word_1_186' title='bbox 589 2375 631 2441; x_wconf 65' lang='lat' dir='ltr'><strong>¹sit</strong></span> <span class='ocrx_word' id='word_1_187' title='bbox 640 2374 744 2431; x_wconf 84' lang='lat' dir='ltr'><strong>nostris,</strong></span> <span class='ocrx_word' id='word_1_188' title='bbox 756 2371 786 2421; x_wconf 90' lang='lat' dir='ltr'><strong>de</strong></span> <span class='ocrx_word' id='word_1_189' title='bbox 797 2373 946 2434; x_wconf 82' lang='lat' dir='ltr'><strong>assensibus,</strong></span> <span class='ocrx_word' id='word_1_190' title='bbox 958 2392 990 2424; x_wconf 83' lang='lat' dir='ltr'><strong>ex</strong></span> <span class='ocrx_word' id='word_1_191' title='bbox 1001 2379 1110 2442; x_wconf 85' lang='lat' dir='ltr'><strong>Dogma-</strong></span> 
     </span>
     <span class='ocr_line' id='line_1_23' title="bbox 41 2452 1111 2517; baseline 0.002 -22"><span class='ocrx_word' id='word_1_192' title='bbox 41 2462 156 2500; x_wconf 82' lang='lat' dir='ltr'><strong>contexta</strong></span> <span class='ocrx_word' id='word_1_193' title='bbox 170 2462 237 2500; x_wconf 90' lang='lat' dir='ltr'><strong>recte</strong></span> <span class='ocrx_word' id='word_1_194' title='bbox 249 2452 357 2517; x_wconf 76' lang='lat' dir='ltr'><strong>quadret.</strong></span> <span class='ocrx_word' id='word_1_195' title='bbox 372 2453 421 2516; x_wconf 90' lang='lat' dir='ltr'><strong>Qui</strong></span> <span class='ocrx_word' id='word_1_196' title='bbox 436 2452 556 2516; x_wconf 80' lang='lat' dir='ltr'><strong>vulgatum</strong></span> <span class='ocrx_word' id='word_1_197' title='bbox 598 2453 702 2501; x_wconf 90' lang='lat' dir='ltr'><strong>ticornrn</strong></span> <span class='ocrx_word' id='word_1_198' title='bbox 726 2462 825 2512; x_wconf 87' lang='lat' dir='ltr'><strong>mente,</strong></span> <span class='ocrx_word' id='word_1_199' title='bbox 844 2453 961 2516; x_wconf 78' lang='lat' dir='ltr'><strong>negandis</strong></span> <span class='ocrx_word' id='word_1_200' title='bbox 976 2477 999 2504; x_wconf 64' lang='lat' dir='ltr'><strong>n,</strong></span> <span class='ocrx_word' id='word_1_201' title='bbox 1019 2459 1052 2506; x_wconf 76' lang='lat' dir='ltr'><strong>G,</strong></span> <span class='ocrx_word' id='word_1_202' title='bbox 1075 2483 1111 2496; x_wconf 80' lang='grc'><strong>.-</strong></span> 
     </span>
     <span class='ocr_line' id='line_1_24' title="bbox 41 2525 1109 2597; baseline 0.007 -21"><span class='ocrx_word' id='word_1_203' title='bbox 41 2531 206 2588; x_wconf 60' lang='lat' dir='ltr'><strong>servannlere</strong></span> <span class='ocrx_word' id='word_1_204' title='bbox 215 2547 341 2579; x_wconf 82' lang='lat' dir='ltr'><strong>assensum</strong></span> <span class='ocrx_word' id='word_1_205' title='bbox 350 2531 452 2594; x_wconf 82' lang='lat' dir='ltr'><strong>intelligi</strong></span> <span class='ocrx_word' id='word_1_206' title='bbox 455 2525 555 2592; x_wconf 82' lang='lat' dir='ltr'><strong>jubent,</strong></span> <span class='ocrx_word' id='word_1_207' title='bbox 597 2533 676 2580; x_wconf 79' lang='lat' dir='ltr'><strong>Vertit</strong></span> <span class='ocrx_word' id='word_1_208' title='bbox 696 2530 811 2579; x_wconf 72' lang='lat' dir='ltr'><strong>castillon</strong></span> <span class='ocrx_word' id='word_1_209' title='bbox 829 2547 838 2577; x_wconf 91' lang='grc'><strong>.·</strong></span> <span class='ocrx_word' id='word_1_210' title='bbox 858 2535 911 2580; x_wconf 77' lang='lat' dir='ltr'><strong>«Je</strong></span> <span class='ocrx_word' id='word_1_211' title='bbox 932 2535 982 2580; x_wconf 81' lang='lat' dir='ltr'><strong>saie</strong></span> <span class='ocrx_word' id='word_1_212' title='bbox 1001 2551 1066 2597; x_wconf 90' lang='lat' dir='ltr'><strong>ponr</strong></span> <span class='ocrx_word' id='word_1_213' title='bbox 1085 2537 1109 2584; x_wconf 96' lang='lat' dir='ltr'><strong>le</strong></span> 
     </span>
     <span class='ocr_line' id='line_1_25' title="bbox 40 2607 1107 2676; baseline 0.005 -20"><span class='ocrx_word' id='word_1_214' title='bbox 40 2611 112 2658; x_wconf 78' lang='lat' dir='ltr'><strong>Petro</strong></span> <span class='ocrx_word' id='word_1_215' title='bbox 125 2611 207 2659; x_wconf 80' lang='lat' dir='ltr'><strong>Fabro</strong></span> <span class='ocrx_word' id='word_1_216' title='bbox 217 2621 325 2659; x_wconf 82' lang='lat' dir='ltr'><strong>anctore.</strong></span> <span class='ocrx_word' id='word_1_217' title='bbox 339 2610 422 2659; x_wconf 78' lang='lat' dir='ltr'><strong>Daris.</strong></span> <span class='ocrx_word' id='word_1_218' title='bbox 437 2625 554 2676; x_wconf 79' lang='lat' dir='ltr'><strong>perquem</strong></span> <span class='ocrx_word' id='word_1_219' title='bbox 595 2613 669 2658; x_wconf 84' lang='lat' dir='ltr'><strong>eureis</strong></span> <span class='ocrx_word' id='word_1_220' title='bbox 678 2631 699 2658; x_wconf 75' lang='lat' dir='ltr'><strong>n.</strong></span> <span class='ocrx_word' id='word_1_221' title='bbox 717 2609 789 2658; x_wconf 88' lang='lat' dir='ltr'><strong>Solus</strong></span> <span class='ocrx_word' id='word_1_222' title='bbox 802 2607 877 2670; x_wconf 86' lang='lat' dir='ltr'><strong>milri,</strong></span> <span class='ocrx_word' id='word_1_223' title='bbox 898 2610 980 2674; x_wconf 86' lang='lat' dir='ltr'><strong>inquit</strong></span> <span class='ocrx_word' id='word_1_224' title='bbox 999 2613 1107 2674; x_wconf 76' lang='lat' dir='ltr'><strong>heelere,</strong></span> 
     </span>
     <span class='ocr_line' id='line_1_26' title="bbox 40 2687 1106 2754; baseline 0.005 -17"><span class='ocrx_word' id='word_1_225' title='bbox 40 2700 123 2738; x_wconf 79' lang='lat' dir='ltr'><strong>coacte</strong></span> <span class='ocrx_word' id='word_1_226' title='bbox 135 2691 170 2738; x_wconf 85' lang='lat' dir='ltr'><strong>ed</strong></span> <span class='ocrx_word' id='word_1_227' title='bbox 182 2691 247 2740; x_wconf 79' lang='lat' dir='ltr'><strong>illam</strong></span> <span class='ocrx_word' id='word_1_228' title='bbox 260 2691 342 2754; x_wconf 81' lang='lat' dir='ltr'><strong>digitis</strong></span> <span class='ocrx_word' id='word_1_229' title='bbox 355 2691 460 2738; x_wconf 84' lang='lat' dir='ltr'><strong>extensis</strong></span> <span class='ocrx_word' id='word_1_230' title='bbox 469 2691 553 2738; x_wconf 80' lang='lat' dir='ltr'><strong>adver·</strong></span> <span class='ocrx_word' id='word_1_231' title='bbox 594 2704 683 2752; x_wconf 76' lang='lat' dir='ltr'><strong>praeses</strong></span> <span class='ocrx_word' id='word_1_232' title='bbox 698 2689 817 2736; x_wconf 85' lang='lat' dir='ltr'><strong>Buherins</strong></span> <span class='ocrx_word' id='word_1_233' title='bbox 830 2687 925 2736; x_wconf 81' lang='lat' dir='ltr'><strong>videtur</strong></span> <span class='ocrx_word' id='word_1_234' title='bbox 937 2705 1021 2738; x_wconf 79' lang='lat' dir='ltr'><strong>rerum</strong></span> <span class='ocrx_word' id='word_1_235' title='bbox 1033 2691 1106 2754; x_wconf 82' lang='lat' dir='ltr'><strong>hujus</strong></span> 
     </span>
     <span class='ocr_line' id='line_1_27' title="bbox 39 2765 1105 2836; baseline -0.007 -20"><span class='ocrx_word' id='word_1_236' title='bbox 39 2787 90 2816; x_wconf 80' lang='lat' dir='ltr'><strong>saar</strong></span> <span class='ocrx_word' id='word_1_237' title='bbox 111 2786 213 2818; x_wconf 80' lang='lat' dir='ltr'><strong>marram</strong></span> <span class='ocrx_word' id='word_1_238' title='bbox 232 2771 336 2818; x_wconf 86' lang='lat' dir='ltr'><strong>Zenonis</strong></span> <span class='ocrx_word' id='word_1_239' title='bbox 355 2769 443 2836; x_wconf 87' lang='lat' dir='ltr'><strong>respici</strong></span> <span class='ocrx_word' id='word_1_240' title='bbox 465 2780 551 2833; x_wconf 83' lang='lat' dir='ltr'><strong>putet,</strong></span> <span class='ocrx_word' id='word_1_241' title='bbox 593 2765 643 2814; x_wconf 88' lang='lat' dir='ltr'><strong>loci</strong></span> <span class='ocrx_word' id='word_1_242' title='bbox 656 2781 751 2814; x_wconf 72' lang='lat' dir='ltr'><strong>senem</strong></span> <span class='ocrx_word' id='word_1_243' title='bbox 766 2765 966 2830; x_wconf 85' lang='lat' dir='ltr'><strong>deprehendisse,</strong></span> <span class='ocrx_word' id='word_1_244' title='bbox 983 2769 1024 2832; x_wconf 86' lang='lat' dir='ltr'><strong>qni</strong></span> <span class='ocrx_word' id='word_1_245' title='bbox 1037 2785 1105 2819; x_wconf 82' lang='lat' dir='ltr'><strong>conr.</strong></span> 
     </span>
    </p>
   </div>
   <div class='ocr_carea' id='block_1_3' title="bbox 39 2847 1211 2912">
    <p class='ocr_par' dir='ltr' id='par_1_5' title="bbox 39 2847 1211 2912">
     <span class='ocr_line' id='line_1_28' title="bbox 39 2847 1211 2912; baseline 0.003 -16"><span class='ocrx_word' id='word_1_246' title='bbox 39 2866 85 2912; x_wconf 84' lang='lat' dir='ltr'><strong>qua</strong></span> <span class='ocrx_word' id='word_1_247' title='bbox 95 2849 318 2912; x_wconf 80' lang='lat' dir='ltr'><strong>ille,qnodvisum</strong></span> <span class='ocrx_word' id='word_1_248' title='bbox 330 2849 550 2912; x_wconf 83' lang='lat' dir='ltr'><strong>esset,explicabat</strong></span> <span class='ocrx_word' id='word_1_249' title='bbox 592 2849 681 2912; x_wconf 89' lang='lat' dir='ltr'><strong>probat</strong></span> <span class='ocrx_word' id='word_1_250' title='bbox 690 2847 831 2896; x_wconf 84' lang='lat' dir='ltr'><strong>anctoritate</strong></span> <span class='ocrx_word' id='word_1_251' title='bbox 840 2847 916 2896; x_wconf 86' lang='lat' dir='ltr'><strong>Nonii</strong></span> <span class='ocrx_word' id='word_1_252' title='bbox 925 2851 1104 2909; x_wconf 84' lang='lat' dir='ltr'><strong>Marcelll‚bsc</strong></span> <span class='ocrx_word' id='word_1_253' title='bbox 1207 2868 1211 2882; x_wconf 80' lang='lat'><strong><em>¹</em></strong></span> 
     </span>
    </p>
   </div>
   <div class='ocr_carea' id='block_1_4' title="bbox 34 2925 1170 3788">
    <p class='ocr_par' dir='ltr' id='par_1_6' title="bbox 38 2925 1170 3070">
     <span class='ocr_line' id='line_1_29' title="bbox 39 2925 1170 2994; baseline 0.002 -18"><span class='ocrx_word' id='word_1_254' title='bbox 39 2927 53 2990; x_wconf 79' lang='lat' dir='ltr'>S</span> <span class='ocrx_word' id='word_1_255' title='bbox 78 2933 136 2984; x_wconf 72' lang='lat'><strong>145.</strong></span> <span class='ocrx_word' id='word_1_256' title='bbox 165 2925 305 2976; x_wconf 81' lang='lat' dir='ltr'><strong>Tollendum</strong></span> <span class='ocrx_word' id='word_1_257' title='bbox 324 2929 410 2989; x_wconf 70' lang='lat' dir='ltr'><strong>tabere</strong></span> <span class='ocrx_word' id='word_1_258' title='bbox 434 2929 547 2976; x_wconf 86' lang='lat' dir='ltr'><strong>Hortens.</strong></span> <span class='ocrx_word' id='word_1_259' title='bbox 569 2952 571 2958; x_wconf 40' lang='grc' dir='ltr'><em>ν</em></span> <span class='ocrx_word' id='word_1_260' title='bbox 591 2943 652 2975; x_wconf 84' lang='lat' dir='ltr'><strong>voce</strong></span> <span class='ocrx_word' id='word_1_261' title='bbox 666 2927 800 2976; x_wconf 78' lang='lat' dir='ltr'><strong>tollendum</strong></span> <span class='ocrx_word' id='word_1_262' title='bbox 813 2925 1104 2994; x_wconf 69' lang='lat' dir='ltr'><strong>srspesignilicaridilse·</strong></span> <span class='ocrx_word' id='word_1_263' title='bbox 1168 2975 1170 2986; x_wconf 84' lang='grc'>,</span> 
     </span>
     <span class='ocr_line' id='line_1_30' title="bbox 38 3007 699 3070; baseline 0.002 -16"><span class='ocrx_word' id='word_1_264' title='bbox 38 3023 86 3068; x_wconf 90' lang='lat' dir='ltr'><strong>qno</strong></span> <span class='ocrx_word' id='word_1_265' title='bbox 96 3007 329 3067; x_wconf 80' lang='lat' dir='ltr'><strong>essevieaJ&#39;udicet‚</strong></span> <span class='ocrx_word' id='word_1_266' title='bbox 337 3023 392 3070; x_wconf 73' lang='lat' dir='ltr'><strong>qnae</strong></span> <span class='ocrx_word' id='word_1_267' title='bbox 404 3017 481 3055; x_wconf 88' lang='lat' dir='ltr'><strong>tamen</strong></span> <span class='ocrx_word' id='word_1_268' title='bbox 493 3007 548 3056; x_wconf 81' lang='lat' dir='ltr'><strong>talia</strong></span> <span class='ocrx_word' id='word_1_269' title='bbox 591 3007 699 3055; x_wconf 74' lang='lat' dir='ltr'><strong>rendum.</strong></span> 
     </span>
    </p>

    <p class='ocr_par' dir='ltr' id='par_1_7' title="bbox 34 3085 1101 3788">
     <span class='ocr_line' id='line_1_31' title="bbox 37 3085 1101 3151; baseline 0.002 -17"><span class='ocrx_word' id='word_1_270' title='bbox 37 3090 96 3148; x_wconf 77' lang='lat' dir='ltr'><strong>rint,</strong></span> <span class='ocrx_word' id='word_1_271' title='bbox 107 3100 135 3136; x_wconf 93' lang='lat' dir='ltr'><strong>ut</strong></span> <span class='ocrx_word' id='word_1_272' title='bbox 144 3105 172 3136; x_wconf 82' lang='lat' dir='ltr'><strong>ea</strong></span> <span class='ocrx_word' id='word_1_273' title='bbox 182 3105 226 3136; x_wconf 89' lang='lat' dir='ltr'><strong>nee</strong></span> <span class='ocrx_word' id='word_1_274' title='bbox 235 3104 358 3146; x_wconf 86' lang='lat' dir='ltr'><strong>assensus,</strong></span> <span class='ocrx_word' id='word_1_275' title='bbox 368 3103 412 3136; x_wconf 89' lang='lat' dir='ltr'><strong>nec</strong></span> <span class='ocrx_word' id='word_1_276' title='bbox 422 3088 546 3151; x_wconf 86' lang='lat' dir='ltr'><strong>perceptio</strong></span> <span class='ocrx_word' id='word_1_277' title='bbox 628 3103 668 3136; x_wconf 85' lang='lat' dir='ltr'><strong>ra.</strong></span> <span class='ocrx_word' id='word_1_278' title='bbox 683 3089 758 3134; x_wconf 83' lang='lat' dir='ltr'><strong>Teneo</strong></span> <span class='ocrx_word' id='word_1_279' title='bbox 767 3097 798 3135; x_wconf 85' lang='lat' dir='ltr'><strong>te.</strong></span> <span class='ocrx_word' id='word_1_280' title='bbox 809 3087 891 3148; x_wconf 84' lang='lat' dir='ltr'><strong>Quum</strong></span> <span class='ocrx_word' id='word_1_281' title='bbox 900 3085 986 3136; x_wconf 89' lang='lat' dir='ltr'><strong>Cicero</strong></span> <span class='ocrx_word' id='word_1_282' title='bbox 997 3087 1101 3144; x_wconf 78' lang='lat' dir='ltr'><strong>Horten-</strong></span> 
     </span>
     <span class='ocr_line' id='line_1_32' title="bbox 36 3166 1100 3231; baseline 0.002 -17"><span class='ocrx_word' id='word_1_283' title='bbox 36 3169 103 3230; x_wconf 85' lang='lat' dir='ltr'><strong>seqni</strong></span> <span class='ocrx_word' id='word_1_284' title='bbox 114 3167 208 3216; x_wconf 82' lang='lat' dir='ltr'><strong>debeat.</strong></span> <span class='ocrx_word' id='word_1_285' title='bbox 218 3168 275 3215; x_wconf 80' lang='lat' dir='ltr'><strong>Em.</strong></span> <span class='ocrx_word' id='word_1_286' title='bbox 286 3167 397 3230; x_wconf 81' lang='lat' dir='ltr'><strong>ambigue</strong></span> <span class='ocrx_word' id='word_1_287' title='bbox 408 3167 499 3214; x_wconf 87' lang='lat' dir='ltr'><strong>dictum</strong></span> <span class='ocrx_word' id='word_1_288' title='bbox 511 3168 546 3214; x_wconf 92' lang='lat' dir='ltr'><strong>sic</strong></span> <span class='ocrx_word' id='word_1_289' title='bbox 589 3167 625 3214; x_wconf 88' lang='lat' dir='ltr'><strong>sio</strong></span> <span class='ocrx_word' id='word_1_290' title='bbox 638 3177 755 3231; x_wconf 84' lang='lat' dir='ltr'><strong>reponet:</strong></span> <span class='ocrx_word' id='word_1_291' title='bbox 772 3176 865 3213; x_wconf 80' lang='lat' dir='ltr'><strong>«teneo</strong></span> <span class='ocrx_word' id='word_1_292' title='bbox 877 3175 901 3212; x_wconf 90' lang='lat' dir='ltr'><strong>te</strong></span> <span class='ocrx_word' id='word_1_293' title='bbox 913 3185 923 3206; x_wconf 84' lang='grc' dir='ltr'>ι</span> <span class='ocrx_word' id='word_1_294' title='bbox 945 3175 969 3212; x_wconf 89' lang='lat' dir='ltr'><strong>et</strong></span> <span class='ocrx_word' id='word_1_295' title='bbox 984 3185 996 3208; x_wconf 80' lang='lat' dir='ltr'><strong>e</strong></span> <span class='ocrx_word' id='word_1_296' title='bbox 1007 3166 1051 3213; x_wconf 81' lang='lat' dir='ltr'><strong>ists</strong></span> <span class='ocrx_word' id='word_1_297' title='bbox 1064 3177 1100 3216; x_wconf 85' lang='lat' dir='ltr'><strong>est</strong></span> 
     </span>
     <span class='ocr_line' id='line_1_33' title="bbox 36 3244 1100 3311; baseline 0.001 -19"><span class='ocrx_word' id='word_1_298' title='bbox 36 3247 102 3308; x_wconf 73' lang='lat' dir='ltr'><strong>vult,</strong></span> <span class='ocrx_word' id='word_1_299' title='bbox 117 3257 143 3294; x_wconf 88' lang='lat' dir='ltr'><strong>ut</strong></span> <span class='ocrx_word' id='word_1_300' title='bbox 154 3246 186 3294; x_wconf 83' lang='lat' dir='ltr'><strong>ad</strong></span> <span class='ocrx_word' id='word_1_301' title='bbox 198 3245 330 3293; x_wconf 75' lang='lat' dir='ltr'><strong>tollendum</strong></span> <span class='ocrx_word' id='word_1_302' title='bbox 340 3247 429 3310; x_wconf 80' lang='lat' dir='ltr'><strong>pariter</strong></span> <span class='ocrx_word' id='word_1_303' title='bbox 440 3259 546 3293; x_wconf 82' lang='lat' dir='ltr'><strong>ancoras</strong></span> <span class='ocrx_word' id='word_1_304' title='bbox 588 3247 686 3311; x_wconf 88' lang='lat' dir='ltr'><strong>propria</strong></span> <span class='ocrx_word' id='word_1_305' title='bbox 696 3245 831 3294; x_wconf 79' lang='lat' dir='ltr'><strong>Academiae</strong></span> <span class='ocrx_word' id='word_1_306' title='bbox 841 3246 958 3292; x_wconf 85' lang='lat' dir='ltr'><strong>sententie</strong></span> <span class='ocrx_word' id='word_1_307' title='bbox 970 3260 996 3306; x_wconf 69' lang='grc' dir='ltr'><strong>»ς</strong></span> <span class='ocrx_word' id='word_1_308' title='bbox 1007 3244 1047 3293; x_wconf 89' lang='lat' dir='ltr'><strong>hic</strong></span> <span class='ocrx_word' id='word_1_309' title='bbox 1056 3246 1100 3308; x_wconf 88' lang='lat' dir='ltr'><strong>qul</strong></span> 
     </span>
     <span class='ocr_line' id='line_1_34' title="bbox 36 3323 1099 3390; baseline 0 -18"><span class='ocrx_word' id='word_1_310' title='bbox 36 3338 192 3374; x_wconf 82' lang='lat' dir='ltr'><strong>et.asserrerrm</strong></span> <span class='ocrx_word' id='word_1_311' title='bbox 202 3325 358 3390; x_wconf 78' lang='lat' dir='ltr'><strong>intelligatur.</strong></span> <span class='ocrx_word' id='word_1_312' title='bbox 369 3327 403 3372; x_wconf 74' lang='lat' dir='ltr'><strong>At</strong></span> <span class='ocrx_word' id='word_1_313' title='bbox 412 3325 477 3372; x_wconf 83' lang='lat' dir='ltr'><strong>eninr</strong></span> <span class='ocrx_word' id='word_1_314' title='bbox 487 3343 545 3373; x_wconf 84' lang='lat' dir='ltr'><strong>vero</strong></span> <span class='ocrx_word' id='word_1_315' title='bbox 587 3326 659 3373; x_wconf 91' lang='lat' dir='ltr'><strong>initio</strong></span> <span class='ocrx_word' id='word_1_316' title='bbox 688 3323 859 3388; x_wconf 83' lang='lat' dir='ltr'><strong>disputationis</strong></span> <span class='ocrx_word' id='word_1_317' title='bbox 889 3323 968 3371; x_wconf 86' lang='lat' dir='ltr'><strong>lueret</strong></span> <span class='ocrx_word' id='word_1_318' title='bbox 994 3323 1099 3386; x_wconf 86' lang='lat' dir='ltr'><strong>partium</strong></span> 
     </span>
     <span class='ocr_line' id='line_1_35' title="bbox 35 3401 1097 3470; baseline -0.002 -19"><span class='ocrx_word' id='word_1_319' title='bbox 35 3406 64 3452; x_wconf 86' lang='lat' dir='ltr'><strong>ad</strong></span> <span class='ocrx_word' id='word_1_320' title='bbox 80 3408 157 3453; x_wconf 83' lang='lat' dir='ltr'><strong>Teneo</strong></span> <span class='ocrx_word' id='word_1_321' title='bbox 167 3419 190 3453; x_wconf 83' lang='lat' dir='ltr'><strong>re</strong></span> <span class='ocrx_word' id='word_1_322' title='bbox 201 3405 343 3470; x_wconf 76' lang='lat' dir='ltr'><strong>applicanda</strong></span> <span class='ocrx_word' id='word_1_323' title='bbox 358 3406 393 3453; x_wconf 85' lang='lat' dir='ltr'><strong>ris</strong></span> <span class='ocrx_word' id='word_1_324' title='bbox 405 3406 471 3452; x_wconf 87' lang='lat' dir='ltr'><strong>verbi</strong></span> <span class='ocrx_word' id='word_1_325' title='bbox 489 3407 544 3453; x_wconf 85' lang='lat' dir='ltr'><strong>Tol·</strong></span> <span class='ocrx_word' id='word_1_326' title='bbox 587 3405 712 3462; x_wconf 81' lang='lat' dir='ltr'><strong>Antiochi,</strong></span> <span class='ocrx_word' id='word_1_327' title='bbox 718 3405 749 3451; x_wconf 88' lang='lat' dir='ltr'><strong>ad</strong></span> <span class='ocrx_word' id='word_1_328' title='bbox 760 3401 883 3452; x_wconf 86' lang='lat' dir='ltr'><strong>Ciceronis</strong></span> <span class='ocrx_word' id='word_1_329' title='bbox 892 3413 971 3466; x_wconf 89' lang='lat' dir='ltr'><strong>partes</strong></span> <span class='ocrx_word' id='word_1_330' title='bbox 982 3418 1007 3449; x_wconf 88' lang='lat' dir='ltr'><strong>se</strong></span> <span class='ocrx_word' id='word_1_331' title='bbox 1019 3412 1097 3449; x_wconf 87' lang='lat' dir='ltr'><strong>trans·</strong></span> 
     </span>
     <span class='ocr_line' id='line_1_36' title="bbox 36 3479 1098 3548; baseline -0.002 -18"><span class='ocrx_word' id='word_1_332' title='bbox 36 3485 129 3531; x_wconf 81' lang='lat' dir='ltr'><strong>lendum</strong></span> <span class='ocrx_word' id='word_1_333' title='bbox 135 3495 194 3532; x_wconf 87' lang='lat' dir='ltr'><strong>erat.</strong></span> <span class='ocrx_word' id='word_1_334' title='bbox 200 3484 286 3533; x_wconf 82' lang='lat' dir='ltr'><strong>Teneri</strong></span> <span class='ocrx_word' id='word_1_335' title='bbox 289 3495 366 3532; x_wconf 84' lang='lat' dir='ltr'><strong>autem</strong></span> <span class='ocrx_word' id='word_1_336' title='bbox 373 3485 397 3532; x_wconf 85' lang='lat' dir='ltr'><strong>in</strong></span> <span class='ocrx_word' id='word_1_337' title='bbox 408 3485 544 3548; x_wconf 82' lang='lat' dir='ltr'><strong>disceptatr-</strong></span> <span class='ocrx_word' id='word_1_338' title='bbox 587 3484 687 3532; x_wconf 89' lang='lat' dir='ltr'><strong>ductum</strong></span> <span class='ocrx_word' id='word_1_339' title='bbox 698 3485 781 3544; x_wconf 84' lang='lat' dir='ltr'><strong>jocose</strong></span> <span class='ocrx_word' id='word_1_340' title='bbox 791 3481 919 3530; x_wconf 76' lang='lat' dir='ltr'><strong>fatebatur.</strong></span> <span class='ocrx_word' id='word_1_341' title='bbox 931 3484 966 3528; x_wconf 77' lang='lat' dir='ltr'><strong>Ita</strong></span> <span class='ocrx_word' id='word_1_342' title='bbox 976 3479 1025 3528; x_wconf 89' lang='lat' dir='ltr'><strong>sibi</strong></span> <span class='ocrx_word' id='word_1_343' title='bbox 1033 3482 1098 3528; x_wconf 85' lang='lat' dir='ltr'><strong>invi·</strong></span> 
     </span>
     <span class='ocr_line' id='line_1_37' title="bbox 35 3551 1098 3628; baseline -0.003 -18"><span class='ocrx_word' id='word_1_344' title='bbox 35 3565 66 3612; x_wconf 91' lang='lat' dir='ltr'><strong>do</strong></span> <span class='ocrx_word' id='word_1_345' title='bbox 74 3565 91 3612; x_wconf 92' lang='lat' dir='ltr'><strong>ii</strong></span> <span class='ocrx_word' id='word_1_346' title='bbox 99 3565 541 3628; x_wconf 80' lang='lat' dir='ltr'><strong>dicuntur,quonrmambignedictum</strong></span> <span class='ocrx_word' id='word_1_347' title='bbox 587 3580 638 3610; x_wconf 85' lang='lat' dir='ltr'><strong>cern</strong></span> <span class='ocrx_word' id='word_1_348' title='bbox 655 3563 850 3626; x_wconf 81' lang='lat' dir='ltr'><strong>gratificabantur</strong></span> <span class='ocrx_word' id='word_1_349' title='bbox 864 3562 900 3608; x_wconf 90' lang='lat' dir='ltr'><strong>illi</strong></span> <span class='ocrx_word' id='word_1_350' title='bbox 914 3551 1098 3628; x_wconf 59' lang='lat' dir='ltr'><strong>amici,bnme-</strong></span> 
     </span>
     <span class='ocr_line' id='line_1_38' title="bbox 34 3639 1097 3708; baseline -0.003 -18"><span class='ocrx_word' id='word_1_351' title='bbox 34 3645 222 3692; x_wconf 75' lang='lat' dir='ltr'><strong>adversarinsits</strong></span> <span class='ocrx_word' id='word_1_352' title='bbox 234 3645 330 3708; x_wconf 88' lang='lat' dir='ltr'><strong>arripit,</strong></span> <span class='ocrx_word' id='word_1_353' title='bbox 345 3655 371 3692; x_wconf 91' lang='lat' dir='ltr'><strong>ut</strong></span> <span class='ocrx_word' id='word_1_354' title='bbox 382 3646 483 3691; x_wconf 86' lang='lat' dir='ltr'><strong>insuam</strong></span> <span class='ocrx_word' id='word_1_355' title='bbox 494 3659 542 3690; x_wconf 89' lang='lat' dir='ltr'><strong>rern</strong></span> <span class='ocrx_word' id='word_1_356' title='bbox 587 3645 686 3690; x_wconf 86' lang='lat' dir='ltr'><strong>nitatem</strong></span> <span class='ocrx_word' id='word_1_357' title='bbox 709 3659 757 3690; x_wconf 92' lang='lat' dir='ltr'><strong>non</strong></span> <span class='ocrx_word' id='word_1_358' title='bbox 776 3657 831 3702; x_wconf 91' lang='lat' dir='ltr'><strong>ore,</strong></span> <span class='ocrx_word' id='word_1_359' title='bbox 853 3641 896 3690; x_wconf 89' lang='lat' dir='ltr'><strong>sed</strong></span> <span class='ocrx_word' id='word_1_360' title='bbox 918 3657 1001 3706; x_wconf 82' lang='lat' dir='ltr'><strong>reapse</strong></span> <span class='ocrx_word' id='word_1_361' title='bbox 1019 3639 1097 3704; x_wconf 86' lang='lat' dir='ltr'><strong>proli·</strong></span> 
     </span>
     <span class='ocr_line' id='line_1_39' title="bbox 34 3723 771 3788; baseline -0.003 -17"><span class='ocrx_word' id='word_1_362' title='bbox 34 3727 244 3788; x_wconf 60' lang='lat' dir='ltr'><strong>appresentaro</strong></span> <span class='ocrx_word' id='word_1_363' title='bbox 254 3723 438 3772; x_wconf 87' lang='lat' dir='ltr'><strong>dicitllortens.</strong></span> <span class='ocrx_word' id='word_1_364' title='bbox 451 3723 544 3771; x_wconf 83' lang='lat' dir='ltr'><strong>Tollen·</strong></span> <span class='ocrx_word' id='word_1_365' title='bbox 587 3734 671 3771; x_wconf 87' lang='lat' dir='ltr'><strong>tentes.</strong></span> <span class='ocrx_word' id='word_1_366' title='bbox 684 3723 716 3770; x_wconf 89' lang='lat' dir='ltr'><strong>ll.</strong></span> <span class='ocrx_word' id='word_1_367' title='bbox 769 3769 771 3777; x_wconf 73' lang='grc'><strong>,</strong></span> 
     </span>
    </p>
   </div>
   <div class='ocr_carea' id='block_1_5' title="bbox 512 3951 715 3976">
    <p class='ocr_par' dir='ltr' id='par_1_8' title="bbox 512 3951 715 3976">
     <span class='ocr_line' id='line_1_40' title="bbox 512 3951 715 3976; baseline 0.005 -14"><span class='ocrx_word' id='word_1_368' title='bbox 512 3951 679 3976; x_wconf 72' lang='grc'>,,...-..,,,,</span> <span class='ocrx_word' id='word_1_369' title='bbox 711 3959 715 3969; x_wconf 92' lang='grc'><strong>,</strong></span> 
     </span>
    </p>
   </div>
   <div class='ocr_carea' id='block_1_6' title="bbox 125 4083 380 4157">
    <p class='ocr_par' dir='ltr' id='par_1_9' title="bbox 125 4083 380 4157">
     <span class='ocr_line' id='line_1_41' title="bbox 125 4083 380 4157; baseline 0 -16"><span class='ocrx_word' id='word_1_370' title='bbox 125 4083 150 4148; x_wconf 79' lang='lat' dir='ltr'><strong>l,</strong></span> <span class='ocrx_word' id='word_1_371' title='bbox 179 4096 223 4141; x_wconf 77' lang='lat' dir='ltr'><strong>Cir.</strong></span> <span class='ocrx_word' id='word_1_372' title='bbox 237 4113 292 4157; x_wconf 82' lang='lat' dir='ltr'><strong>pars</strong></span> <span class='ocrx_word' id='word_1_373' title='bbox 308 4097 380 4141; x_wconf 81' lang='lat' dir='ltr'><strong>tertia.</strong></span> 
     </span>
    </p>
   </div>
   <div class='ocr_carea' id='block_1_7' title="bbox 0 0 1376 4684">
    <p class='ocr_par' dir='ltr' id='par_1_10' title="bbox 0 0 1376 4684">
     <span class='ocr_line' id='line_1_42' title="bbox 0 0 1376 4684; baseline 0 11"><span class='ocrx_word' id='word_1_374' title='bbox 0 0 1376 4684; x_wconf 95' lang='lat' dir='ltr'><strong> </strong></span> 
     </span>
    </p>
   </div>
  </div>
 </body>
</html>
