2770 4688
278 415 317 483 r.
340 412 576 483 vlumus
601 393 902 484 suammet
1069 411 1114 512 59

65 535 229 624 Philosopia
245 549 404 624 magnum
429 555 548 599 nomen
571 551 639 618 est,
665 535 788 623 quique
807 557 905 600 verus
920 555 1013 600 noras
1035 537 1117 600 Aca·

64 641 160 706 deuia
173 657 291 706 auctor
306 641 446 706 babcmr
463 663 472 706 ε
490 663 588 729 quam
609 641 698 704 onim
715 641 770 705 hic
792 640 1046 731 philosophandi
1063 665 1116 706 ras

64 747 169 812 donem
181 747 299 830 edixit,
309 771 380 812 euru
392 748 538 837 plerique
553 768 685 830 omnes,
703 747 760 835 qui
774 746 1044 814 Academicorum
1061 769 1117 811 oo·

61 869 224 942 gnomeuto
241 854 342 944 gavisi
365 869 465 936 sunt,
491 869 604 942 postea
625 868 822 937 tenuerunt,
846 869 933 918 corte
957 869 1069 918 tenere
1086 871 1119 918 et

60 962 137 1048 sequi
156 976 240 1026 'sunt
264 961 411 1050 professi.
440 962 551 1044 Quare
567 976 602 1026 et
619 983 679 1025 uos
697 959 826 1044 omnia,
848 982 920 1049 quae
951 958 992 1025 de
1019 960 1118 1041 hujus

59 1064 211 1156 disciplina
230 1068 380 1132 iuvenire
404 1067 631 1157 potuerimus,
658 1066 831 1157 colligere,
859 1067 947 1132 etin
972 1066 1117 1131 medium

59 1173 158 1238 anses
168 1174 375 1257 cambiarum
390 1197 451 1241 neo
463 1173 637 1265 diligentias
649 1191 682 1238 et
692 1174 811 1240 laboris
820 1197 882 1263 pro
893 1173 1017 1239 viribus
1029 1174 1118 1262 parci

58 1299 176 1344 eunus.

95 1381 140 1449 33.
157 1386 267 1477 Igitur
282 1385 462 1452 Carneades
479 1387 533 1451 hic
548 1387 619 1476 (uti
635 1385 833 1476 videbatur)
848 1385 890 1451 de
902 1385 1051 1452 Arcesilas
1065 1385 1120 1451 illa
1260 1477 1263 1482 Ι

58 1487 224 1576 Pyrrhonis
242 1513 282 1556 ac
300 1492 402 1583 rigida
419 1492 595 1581 pertinacia
609 1491 812 1580 aliquantum
828 1492 938 1558 laxans
957 1515 994 1556 ac
1009 1493 1121 1556 remit·

57 1610 133 1680 tens,
150 1599 295 1663 serarum
312 1599 421 1688 potius
440 1621 532 1663 more
548 1598 615 1686 (ait
631 1598 719 1687 apud
733 1599 913 1665 Eusebium
930 1597 978 1686 (1)
992 1599 1118 1663 Nume-

56 1701 202 1792 nius),ut
213 1705 318 1770 auctis
332 1705 455 1770 viribus
463 1721 495 1769 et
508 1705 671 1770 contentis
683 1704 797 1784 majori
811 1704 937 1769 insultu
949 1720 982 1768 et
996 1704 1121 1793 impetu

56 1805 239 1892 adoriretur,
256 1811 478 1876 retrocessisse
493 1809 737 1876 existimandus.
756 1809 893 1874 Gravior
909 1809 997 1874 euim
1012 1825 1046 1873 et
1062 1831 1118 1874 ex-

55 1932 186 2002 pugnatu
204 1914 385 1999 difficilior,
403 1939 501 2003 quam
519 1914 695 1998 Arcesilas,
712 1914 1035 1996 Carneades·h'0stis·,
1058 1913 1120 1979 do·

56 2020 186 2103 guaticis
205 2019 362 2084 omnibus
380 2001 635 2102 infensissimus,¹
650 2019 708 2084 sed
723 2021 886 2109 praecipue
898 2019 1031 2103 Stoicis,
1047 2019 1118 2088 suit.

55 2119 125 2188 Tota
140 2147 220 2190 vero
238 2125 307 2206 ejus
324 2127 486 2190 sententia
498 2124 689 2206 hujusmodi
707 2125 806 2191 fuisse
823 2125 963 2191 videtur.

90 2228 137 2308 34.
154 2231 306 2296 Primum
322 2230 455 2320 quidem
472 2247 561 2297 certe
574 2231 686 2297 omnia
702 2248 781 2298 sunt
796 2243 986 2309 menam,
1002 2231 1116 2314 idest,

54 2331 403 2424 incomprehensibilia,
430 2337 577 2424 nihilque
596 2337 753 2425 estquod
771 2338 893 2427 percipi
912 2354 945 2402 et
963 2359 1114 2427 compre·

53 2435 139 2504 heudi
156 2442 270 2530 possit.
287 2443 412 2507 Verum
430 2442 494 2508 hoc
521 2463 591 2508 non
618 2465 729 2507 rerum
752 2443 895 2532 ipsarum
914 2443 1030 2532 culpa3
1055 2465 1115 2506 sua

53 2545 129 2610 enim
142 2548 220 2636 ipsae
232 2546 322 2637 apud
336 2571 370 2612 se
385 2564 500 2614 ustura
515 2561 681 2630 constent,
701 2565 740 2612 ut
755 2547 877 2636 siquid
894 2547 935 2612 de
951 2549 1013 2612 illis
1027 2547 1115 2612 affir-

53 2667 158 2736 metur,
175 2669 235 2717 aut
258 2669 413 2742 negetur,
433 2653 569 2718 effatum
586 2669 643 2718 aut
659 2675 775 2718 verum
793 2669 851 2717 sut
866 2653 984 2717 falsum
1001 2675 1118 2718 ueces-

52 2755 126 2820 strio
139 2759 198 2842 sit,
224 2782 246 2822 a
254 2773 349 2847 parte
364 2761 424 2842 rei,
443 2774 482 2823 ut
496 2759 601 2822 nostri
626 2757 817 2847 Philosophi
836 2759 1030 2846 loquuntur.
1043 2759 1116 2822 Ta·

52 2881 119 2926 rnen
137 2865 330 2930 hominibus
354 2887 421 2929 non
445 2865 561 2954 obtigit
578 2865 733 2947 facultas,
759 2863 810 2929 vel
827 2886 879 2928 ars
897 2864 1025 2952 aliqua,
1048 2885 1112 2952 qun

52 2987 151 3035 temm
168 2995 187 3036 a
203 2971 286 3036 falso
301 2971 487 3038 dhceruant
505 2989 538 3037 et
555 2971 731 3052 dijudicare
747 2972 884 3039 valeant.
911 2969 1065 3036 Similiter
1082 2988 1116 3038 et

51 3071 85 3136 de
102 3077 293 3164 phantasiis,
318 3077 410 3168 quod
426 3079 560 3170 quidem
586 3101 637 3144 res
660 3093 783 3167 spectat
800 3101 939 3165 quarum
957 3077 1114 3164 imagines

51 3199 163 3248 suntet
174 3207 194 3248 a
209 3185 332 3274 quibus
347 3186 555 3274 ingeruntur,
573 3185 625 3248 vel
636 3207 736 3266 vere,
746 3183 797 3246 vel
815 3181 901 3246 falsae
918 3197 1014 3263 sunt,
1024 3203 1114 3246 vera·
1158 3231 1160 3244 .

50 3306 105 3370 que
127 3290 301 3373 nuntiant,
321 3306 379 3353 aut
398 3291 612 3356 mentiuntur.
632 3291 676 3354 Ar
692 3311 797 3378 quum
819 3309 878 3352 sua
891 3287 1010 3354 veritas
1025 3286 1112 3376 apud
1142 3374 1145 3383 .

48 3410 91 3456 ret
112 3397 195 3484 ipsas
227 3415 410 3480 remaneat,
433 3399 575 3487 ipsaeque
591 3398 735 3464 immotae
751 3411 896 3486 perstem
915 3395 1112 3484 (nonenim

47 3517 91 3561 res
106 3501 233 3567 anirnos
255 3519 386 3570 nostros
409 3502 689 3594 ingrediuntur),
707 3501 851 3568 immissa
868 3517 995 3568 tantum
1016 3501 1111 3567 nobis

46 3621 80 3666 ex
88 3627 123 3669 se
135 3607 303 3695 phantasia
315 3626 414 3700 atque
426 3609 638 3676 similitudine
648 3609 805 3699 quadarn,
820 3631 892 3698 quaa
899 3609 1110 3698 plerumque,

45 3709 89 3772 uti
109 3715 183 3778 mali
204 3716 331 3798 nuntii,
356 3718 486 3782 mentiri
511 3731 544 3782 et
565 3717 674 3782 fallere
694 3718 795 3798 solet;
822 3739 883 3780 nec
901 3731 979 3780 notu
1003 3715 1107 3802 alique

44 3818 134 3885 nobis
161 3841 327 3914 comperta
345 3825 407 3909 sit,
430 3847 496 3914 qua
516 3847 646 3890 remees
661 3847 680 3888 a
694 3822 908 3888 mendacibus
929 3821 1108 3888 visionibus

44 3919 274 4016 distiugrumus
286 3955 294 4013 3
309 3931 437 3996 nullum
451 3928 539 4019 apud
557 3951 618 3995 nos
632 3929 737 3994 visum
752 3929 1026 4020 comprehensum
1036 3947 1106 3990 esse

72 4154 110 4218 (r)
128 4159 206 4224 Praep.
216 4163 307 4227 Ιίνιιις.
317 4161 361 4212 lib.
370 4127 505 4227 lllv„cap.
517 4163 547 4223 8,
558 4179 614 4230 pag.
625 4162 684 4224 737.
