2764 4688
271 391 339 436 aaa
613 365 986 436 ARGUMENTUM.

308 491 415 549 litatem
429 487 466 546 ad
476 503 590 546 causam
600 485 731 565 ipsorum
744 487 888 565 quadrare
899 487 1024 546 minime.
1036 485 1083 546 Sic
1094 487 1171 546 enirn
1182 491 1291 548 versari
1300 491 1330 549 iis

307 585 395 646 modo
408 585 512 655 licere,
526 585 577 661 qui
590 583 654 656 his,
667 604 733 662 quae
746 582 893 662 disputent
906 627 916 655 ,
935 597 967 643 ut
981 584 1072 644 firmis
1085 585 1228 664 certisque
1241 589 1328 646 confi-

307 685 377 743 dant
391 705 397 740 :
410 700 468 740 uon
485 681 537 749 iis,
550 681 622 759 qui,
644 681 706 739 haec
719 680 782 759 ipsa
793 701 847 740 nec
857 702 940 754 vera,
957 702 1011 740 nec
1022 683 1093 742 salsa
1105 703 1187 756 esse,
1204 685 1328 763 jactent,

309 787 324 854 ς
340 779 387 849 43.
399 781 474 837 Nam
484 776 509 836 si
523 777 569 835 vel
583 775 727 847 dixerint,
744 777 805 836 haec
815 777 871 836 sihi
884 797 946 838 esse
957 779 1131 858 perspicua,
1145 800 1214 852 nec,
1229 794 1264 839 ut
1278 783 1329 840 lal-

307 896 358 948 sa,
379 892 541 953 apparere,
556 885 616 930 tum
632 871 703 929 nihil
718 871 797 930 aliud
811 871 953 946 dixerint,
971 893 1059 951 quam
1072 893 1103 932 se
1117 873 1179 934 haec
1199 895 1329 956 compre

306 967 443 1026 bendere.
464 965 495 1024 si
510 985 578 1023 vera
592 964 653 1022 visa
666 983 683 1022 a
698 964 774 1023 falsis
785 963 981 1044 distinguendi
995 965 1162 1024 facultatem
1181 968 1328 1046 negarint,

304 1065 412 1124 nullam
437 1061 550 1122 admitti
574 1060 695 1119 ulterius
719 1061 913 1122 concludendi
943 1062 1038 1135 viam3
1071 1083 1161 1141 quum
1185 1064 1330 1123 conclusio

302 1163 399 1220 locum
422 1156 530 1217 hahere
544 1168 688 1234 nequeat,
712 1157 767 1216 nisi
781 1159 935 1236 premissis
957 1171 1090 1218 accurate
1109 1157 1254 1238 probatis.
1277 1166 1329 1219 Pu-

301 1277 391 1337 gnare
404 1268 500 1314 autern
517 1273 614 1314 secum
632 1254 775 1328 maxime,
801 1255 827 1313 si
841 1255 953 1314 ratione
970 1278 987 1317 a
1005 1256 1225 1336 comprehensis
1247 1257 1330 1316 rehns

301 1355 432 1434 prolecta
446 1350 647 1436 concludatur,
657 1350 731 1409 nihil
743 1351 953 1431 comprehendi
964 1373 1057 1431 posse.
1076 1353 1132 1414 Sed
1144 1373 1280 1414 errorem
1289 1373 1330 1412 eo

299 1471 367 1510 rum
376 1450 530 1510 clarissime
542 1461 602 1508 tum
617 1468 773 1528 apparere,
788 1448 840 1508 uhi
848 1451 911 1510 haec
921 1449 993 1524 duo,
1006 1455 1078 1508 Esse
1090 1454 1326 1528 qnoedamsalsa‚

300 1561 349 1624 et,
364 1550 532 1622 Intersalsa
545 1567 580 1603 ac
596 1567 666 1604 vera
678 1549 743 1604 oria
755 1549 830 1605 nihil
840 1547 976 1623 disfirre,
992 1561 1137 1627 tamquam
1148 1552 1327 1610 convenien-

302 1647 340 1705 tia
352 1645 487 1726 (auctore
498 1641 639 1722 Philone)
658 1655 784 1721 ponant;
806 1663 896 1721 quum
913 1645 943 1704 in
956 1645 1110 1704 enunciato
1125 1647 1231 1725 priore
1246 1646 1329 1707 dille·

300 1744 393 1803 rentia
407 1755 556 1814 sumatur,
570 1741 600 1798 in
615 1741 780 1818 posteriore
794 1742 931 1815 tollatur,
947 1749 962 1816 ς
974 1753 1024 1814 44.

339 1845 403 1901 Jam
416 1838 535 1917 singulis
546 1837 780 1896 adversariorum
791 1841 968 1918 argumentis
979 1841 1177 1901 examinandis
1191 1841 1252 1902 hoc
1263 1861 1329 1922 prae

300 1937 435 1996 mittitur.
449 1941 517 1994 Esse
526 1933 644 2012 quidem
659 1934 895 2013 perspicuitatem
907 1935 1068 2018 (ἐνάργειαν)
1083 1957 1178 2016 perse
1191 1951 1274 1998 tanta
1287 1939 1328 2009 ri,

300 2047 333 2092 ut
348 2053 412 2104 res,
426 2034 525 2110 quales
534 2031 607 2099 sint,
620 2051 688 2089 vere
702 2031 811 2091 indicet
826 2054 833 2088 ε
848 2032 997 2112 diligentia
1009 2047 1122 2108 tamen,
1136 2049 1201 2094 arte
1216 2036 1328 2114 adjuta,

299 2148 374 2218 opus
397 2149 478 2201 esse,
504 2147 563 2206 quo
579 2127 690 2186 firmius
712 2127 742 2185 in
762 2129 923 2208 perspicuis
938 2144 1050 2209 perstas
1075 2155 1082 2189 :
1103 2131 1194 2209 idque
1214 2132 1328 2211 Epicuri

298 2226 466 2305 exemplum
480 2243 608 2282 monere.
620 2222 780 2282 ''Adversari
793 2239 888 2283 autem
901 2237 1013 2307 εναργιίᾳ
1031 2227 1091 2288 duo
1110 2229 1239 2288 maxime
1252 2251 1258 2286 :
1270 2230 1327 2308 pri·

298 2343 378 2384 mum
392 2342 452 2381 non
465 2321 533 2380 satis
542 2318 652 2378 attendi
661 2319 698 2378 ad
713 2339 762 2392 ea,
777 2341 842 2398 quae
859 2324 1013 2402 perspicua
1025 2323 1082 2383 sint
1095 2346 1103 2381 ε
1118 2324 1228 2384 deinde
1239 2325 1327 2386 deseri

300 2422 450 2480 veritatem
465 2416 505 2476 ob
519 2417 633 2475 fallaces
642 2413 782 2494 quasdam
796 2419 986 2492 ratiunculas,
1001 2433 1105 2480 contra
1119 2441 1193 2500 quas
1207 2439 1327 2482 armatos

296 2539 359 2580 esse
373 2528 522 2596 oportent,
540 2513 620 2586 545,
636 2513 683 2582 46.

338 2619 507 2694 Sequuntur
517 2610 654 2690 deinceps
666 2623 833 2691 argumenta
848 2612 966 2672 illomm
980 2614 1053 2694 ipsa.
1071 2619 1096 2674 Ι.
1108 2617 1204 2676 Multa
1217 2639 1235 2683 a
1246 2619 1327 2678 rebus

296 2733 364 2773 vero
378 2712 508 2792 prolecta
518 2707 611 2766 videri
625 2727 725 2787 posse,
739 2709 806 2766 lieet
819 2708 905 2788 plane
919 2709 976 2770 sint
988 2711 1085 2770 inania
1102 2735 1109 2768 :
1124 2717 1241 2774 moveri
1256 2717 1326 2776 enim

299 2801 697 2881 animosrehustalibus‚quae
704 2805 883 2882 persenulle
891 2805 957 2879 sint,
965 2827 1149 2868 nonsecusac
1156 2810 1326 2872 siveresint.

297 2906 366 2984 Ejus
373 2902 486 2980 generis
494 2919 555 2958 esse
562 2899 622 2957 visa
632 2899 820 2972 somniorum,
830 2902 1027 2974 oraculorum,
1034 2905 1246 2982 auspiciorum,
1258 2922 1326 2968 exto

297 3023 381 3072 rum,
397 2999 421 3058 si
434 3017 451 3056 a
462 2997 518 3055 deo
528 2995 659 3075 prolecta
670 2995 834 3055 credantur.
844 3001 918 3056 Nam
932 3015 991 3058 non
1005 3019 1164 3080 apparere,
1179 3005 1325 3082 quomodo

296 3121 332 3160 ea
342 3100 430 3170 deus,
440 3095 465 3155 si
480 3095 550 3154 lalsa
559 3093 589 3173 (i.
602 3113 628 3152 e.
645 3113 704 3152 non
721 3114 753 3152 re
766 3095 968 3176 comprobata)
980 3099 1045 3172 sint,
1062 3099 1326 3181 lacereprobahilia

299 3199 391 3276 possit
402 3195 454 3276 (sc.
467 3207 501 3254 ut
515 3194 581 3253 talia
588 3191 763 3272 habeantur)
775 3221 783 3254 t
797 3195 864 3254 talia
874 3211 970 3256 autem
981 3239 990 3266 ,
1003 3218 1066 3275 quae
1073 3219 1161 3277 quam
1170 3202 1326 3280 proximea

302 3293 374 3353 vero*
386 3291 496 3362 absint,
508 3291 690 3348 ellieercnon
699 3289 798 3367 possit.
812 3288 854 3370 (Si
868 3291 944 3350 enim
956 3306 1064 3371 posset,
1078 3295 1225 3370 mitteret,
1240 3317 1325 3378 quum

296 3389 399 3469 jamex
405 3385 556 3446 remotiori
568 3383 735 3461 conjectura
741 3385 916 3465 nascantur).
932 3392 969 3446 Et
985 3391 1010 3448 si
1024 3391 1071 3448 vel
1084 3389 1147 3450 haec
1161 3395 1266 3470 possit,
1278 3415 1326 3452 cur

301 3485 413 3542 illanon
422 3481 563 3560 (proxime
572 3479 611 3538 ad
619 3501 722 3538 verum
733 3494 766 3540 ut
774 3481 921 3556 accedant,
930 3485 1056 3566 efficere)
1066 3489 1167 3566 possit,
1172 3510 1240 3567 quoe
1247 3491 1326 3550 inter·

301 3591 459 3662 noscantur
468 3577 600 3655 quidem,
614 3575 666 3634 sed
678 3576 888 3656 perdifficiliter
904 3601 911 3638 ε
929 3582 993 3641 etsi
1006 3580 1068 3642 haec
1082 3583 1188 3658 etiam,
1204 3607 1260 3646 cur
1270 3607 1324 3646 non

301 3678 386 3748 talia,
412 3689 445 3734 ut
465 3675 556 3748 (inter
569 3675 631 3734 haec
647 3688 677 3733 et
691 3676 814 3754 verum)
832 3677 905 3736 nihil
921 3680 1007 3758 plane
1025 3681 1153 3752 intersit,
1180 3691 1196 3756 ς
1219 3694 1267 3759 47.
1288 3726 1324 3738 .-

300 3780 342 3836 11.
355 3777 452 3846 Quum
472 3791 551 3829 meus
564 3772 626 3830 sola
641 3773 735 3832 visua
751 3787 918 3844 moveatur,
947 3790 980 3836 ut
996 3778 1025 3836 in
1050 3779 1196 3841 abstracta
1218 3785 1324 3862 cogita·

301 3871 397 3941 tione,
422 3867 452 3925 in
474 3885 592 3938 somno,
619 3869 648 3926 in
670 3869 788 3940 lurore,
812 3889 887 3948 saepe
915 3873 965 3942 lit,
989 3873 1144 3954 probabile
1163 3897 1234 3938 sane
1253 3899 1323 3944 esse,

300 3987 363 4040 eam
381 3964 421 4024 sic
437 3981 555 4042 quoque
565 3965 687 4037 moveri,
709 3977 742 4022 ut
755 3984 856 4024 verum
873 3967 974 4028 alalso
993 3970 1163 4049 dignoscere
1176 3977 1263 4054 plane
1273 3995 1323 4034 ne-

300 4077 403 4146 queat,
419 4059 492 4119 utin
507 4071 632 4116 tremore
643 4073 673 4116 et
683 4061 793 4137 pallore
808 4083 842 4122 cx
856 4085 887 4122 re
899 4063 996 4126 subita
1009 4083 1094 4141 orto,
1110 4083 1164 4129 ctc.
1178 4107 1219 4118 -
1228 4077 1283 4133 111.
1294 4071 1321 4132 Si
