2776 4668
475 371 733 440 PARADOXA.
956 369 962 386 '
1067 363 1130 436 521

73 507 153 564 ceat
171 493 374 576 arantium,
394 505 530 563 ceteras
546 493 656 562 animi
674 488 772 561 labes
794 486 964 584 repellat:
989 501 1066 558 tum
1086 489 1140 558 in·
1208 530 1217 544 ι

71 603 184 700 cipiat
198 601 275 672 aliis
289 602 486 698 imperare,
504 625 618 699 quum
639 602 716 698 ipse
729 596 1006 696 improbissimis
1027 595 1140 668 domi-

73 715 171 798 nis⁷,
198 709 367 806 dedecori
390 736 431 782 ac
453 710 672 810 turpitudini
703 732 829 808 parere
853 705 1008 776 desierit.
1042 711 1138 776 Dum

73 820 227 918 quidem
248 819 303 892 his
325 819 488 908 obediet,
512 846 589 892 non
611 818 721 891 modo
743 823 948 914 imperator,
966 813 1027 885 sed
1049 813 1142 886 liber
1179 903 1183 914 .

73 929 267 1002 habendus
289 932 439 1001 omnino
461 955 536 1002 non
558 925 661 1002 critss.
693 927 864 1000 Praeclare
883 925 979 997 enim
999 938 1053 996 est
1070 925 1141 996 hoc

74 1055 292 1140 usurpatum
313 1065 334 1110 a
354 1037 588 1130 doctissimis,
610 1063 770 1137 quorum
792 1038 1032 1110 auctoritate9
1063 1059 1139 1106 non

76 1166 213 1241 uterer,
235 1151 265 1222 si
288 1150 376 1222 mihi
395 1151 493 1249 apud
521 1151 661 1247 aliquos
689 1161 845 1246 agrestes
872 1145 948 1216 haec
975 1142 1160 1215 habenda·

75 1275 174 1333 esset
190 1263 322 1346 orati03
342 1285 456 1357 quum
470 1285 558 1332 vero
572 1258 670 1358 apud
684 1257 982 1357 prudentissimos
1002 1252 1141 1350 loquar,

75 1371 213 1470 quibus
228 1370 304 1442 haec
321 1371 481 1442 inaudita
494 1396 569 1442 non
588 1383 691 1457 sunt,
706 1393 771 1440 cur
785 1391 852 1464 ego
871 1364 1054 1450 simulem,
1071 1387 1141 1446 me,

76 1486 108 1554 si
137 1480 230 1579 quid
258 1480 374 1552 iubis
399 1481 525 1553 studiis
554 1505 673 1579 operae
701 1478 902 1576 posuerim,
922 1473 1142 1574 perdidisse?

76 1595 225 1662 Dictum
241 1605 294 1662 est
310 1593 421 1688 igitur
431 1603 461 1636 ¹⁰
479 1591 523 1662 ab
539 1591 789 1662 eruditissimis
803 1588 906 1673 viris,
922 1587 990 1655 nisi
1009 1587 1143 1681 sapien·

76 1716 167 1790 tem,
178 1700 333 1773 liberum
347 1726 424 1774 esse
436 1705 632 1773 nemiuem.
649 1697 745 1790 Quid
755 1713 810 1770 est
823 1698 919 1769 enim
932 1707 959 1739 ¹¹
975 1693 1142 1765 libertas?
1161 1699 1194 1761 34

75 1903 184 1952 quorum
201 1889 228 1934 in
246 1903 297 1936 uno
313 1887 423 1936 additum
435 1888 489 1936 fuit.
507 1889 590 1936 Gens.
634 1894 724 1942 metius
742 1891 891 1957 putaverim,
910 1889 1011 1937 duarum
1030 1897 1144 1934 constru-

116 1965 335 2032 7.1mprobistt'mis
347 1965 460 2016 dominis.
479 1966 590 2015 Clleto
633 1975 742 2022 ctionum
762 1971 905 2020 confusione
927 1969 1016 2016 foetum
1041 1983 1102 2024 esse,
1116 1977 1144 2012 ut

75 2045 115 2093 Μ·
125 2061 182 2109 ⁰⁸1²·
197 2054 243 2107 1l‚
265 2053 296 2106 47
308 2082 316 2108 ,
334 2057 359 2094 θῐ
377 2047 452 2094 Perti?
466 2047 546 2110 &tyb
556 2045 590 2104 Vs
634 2054 687 2102 Cic.
700 2051 761 2099 «sed
771 2051 843 2098 liber.
855 2087 861 2099 .
873 2083 880 2093 .
894 2050 993 2096 omniuo
1004 2063 1055 2095 nou
1064 2068 1076 2088 n
1085 2045 1144 2092 seri-

79 2133 145 2181 ni·
160 2139 229 2188 ΜΗ·
244 2139 315 2188 quem
336 2123 365 2174 l··
377 2125 442 2173 liud·
461 2123 588 2174 Graetlflssss
632 2131 713 2190 beret,
731 2147 807 2195 quum
819 2142 875 2194 post
893 2116 963 2176 «uon
977 2127 1051 2175 modo
1065 2127 1123 2190 imp.
1132 2147 1143 2166 n

76 2225 89 2244 «ι
98 2201 174 2251 Liber
191 2219 246 2266 ego.
260 2203 333 2251 Unde
347 2203 429 2252 dutum
440 2203 488 2250 hoc
501 2203 590 2255 sumis,
633 2221 783 2276 exspectares
799 2232 811 2251 α
820 2209 862 2257 sed
880 2225 912 2256 ne
933 2207 995 2255 liber
1012 2205 1109 2270 quidem
1120 2225 1142 2251 ιι.

76 2291 115 2330 tot
126 2281 223 2330 subdite
233 2281 373 2356 rebusidn
387 2282 514 2331 dominum
523 2283 591 2346 igno·
633 2291 671 2338 De
684 2305 731 2353 qua
745 2289 831 2336 usitata
845 2287 893 2337 dic,
907 2289 978 2335 form.
988 2303 1011 2332 v.
1020 2283 1143 2332 Drskenb.
1179 2277 1185 2286 ’

75 2377 133 2416 res,
154 2360 201 2408 uisi
219 2377 291 2425 quem
308 2361 417 2409 vindicte
436 2361 546 2410 relaxat?
556 2361 591 2408 Te
633 2368 663 2416 nd
677 2369 730 2417 Liv,
741 2369 825 2427 xxv,
839 2368 882 2416 26,
896 2369 943 2415 Pro
957 2363 1064 2424 omnino,
1077 2362 1145 2427 quod

75 2437 141 2486 nibil
155 2437 275 2502 impellit,
288 2455 334 2488 uec
347 2440 480 2505 quidquem
499 2442 590 2488 extriu-
632 2447 660 2494 iu
672 2463 723 2496 uuo
735 2449 832 2496 Munut.
847 2457 872 2496 st
888 2448 936 2494 Ox.
947 2447 976 2494 E.
993 2445 1145 2503 deest,uuus

75 2533 148 2564 seem
156 2517 332 2581 intnt,Qnod
340 2534 430 2590 nervos
440 2521 533 2582 agitet:
547 2518 591 2566 sed
633 2525 706 2575 habet
728 2527 818 2584 modo,·
843 2525 958 2574 tredecim
984 2531 1146 2588 transponunt

76 2597 98 2646 si
112 2597 179 2645 intus
194 2608 218 2646 et
236 2597 262 2645 iu
278 2600 360 2660 jecore
378 2615 440 2663 tegre
453 2601 591 2656 Nascuntur
634 2627 646 2648 .
656 2604 699 2653 ned
713 2606 813 2653 omnino
826 2604 888 2652 liber
899 2604 956 2652 hab,
966 2619 992 2653 n,
1003 2620 1025 2651 ρ,
1038 2622 1049 2643 ι
1062 2601 1144 2648 Grnn.

76 2675 188 2736 domiui,
199 2678 241 2740 qui
251 2686 278 2724 tu
287 2677 431 2742 impunitior
443 2680 592 2741 exis,Atque
669 2701 696 2746 9.
709 2687 818 2748 Quorum
830 2682 982 2730 auctoritate.
992 2683 1096 2728 Primum
1107 2693 1145 2724 sr-

76 2753 136 2814 hic,
155 2771 229 2818 quem
244 2755 276 2803 sd
289 2755 394 2820 strigiles
405 2757 496 2804 senties
507 2769 532 2804 et
544 2771 593 2803 me·
635 2772 774 2827 gumentum
788 2762 854 2809 ducit
869 2759 1097 2826 sphilosopborum
1107 2765 1143 2803 te·

77 2845 119 2882 tus
129 2833 179 2896 egit
191 2833 407 2882 hetilonem.
415 2859 445 2871 -
456 2837 485 2882 ln
495 2851 549 2898 sqq.
561 2849 592 2881 ac
634 2841 761 2890 stimouio.
770 2845 844 2890 Fscc.
859 2867 894 2878 -
907 2843 954 2890 Sex
968 2842 1032 2887 011.
1045 2847 1069 2885 et
1082 2851 1146 2883 unus

76 2911 230 2977 turpitudini.
250 2913 314 2961 Pitb.
334 2925 395 2961 aaut
414 2914 564 2978 turpitudine
571 2935 591 2961 n.
635 2919 692 2970 Ald.
702 2931 726 2968 et
742 2920 798 2968 cod.
817 2918 906 2968 Duisb.
925 2918 1067 2967 assentiente
1080 2915 1145 2962 Vict.

76 2991 143 3039 Mox
151 2991 216 3040 idem
228 3014 240 3034 a
250 3002 302 3041 tum
314 2993 414 3058 quidem
427 2992 493 3042 hie».
508 2997 593 3042 Gsnn.
635 3000 713 3048 Bentl.
726 3000 752 3048 in
765 3000 872 3064 margine
886 2997 981 3046 addunt
997 3013 1048 3062 ego.
1062 2991 1146 3042 Paullo

117 3071 141 3116 8.
155 3069 322 3120 Liber-...non
337 3071 389 3122 erit.
403 3073 490 3137 Cump.
505 3076 591 3122 llorst.
635 3090 791 3143 postuovem
800 3079 1034 3141 Ald.trunsp.ueur
1049 3063 1147 3138 eqo‘me
1221 3111 1224 3120 .

77 3149 161 3198 Germ.
169 3151 208 3208 Π,
223 3163 252 3215 9,
266 3167 335 3215 seqq.
344 3151 433 3201 OEsud.
445 3154 482 3198 tv
491 3151 591 3202 Consul.
635 3158 779 3220 simulem»,
803 3158 871 3223 quod
901 3153 1078 3220 repudiandum
1111 3163 1166 3206 est⁴

76 3229 176 3279 Honor.
202 3231 265 3290 258,
289 3247 356 3295 seqq.
383 3230 470 3279 Boetb.
491 3230 591 3280 Consul.
635 3247 736 3301 propter
754 3237 898 3301 interposite
919 3236 992 3283 verbs
1011 3234 1052 3281 usi
1068 3230 1146 3296 quid,

76 3307 141 3374 phil.
155 3309 245 3367 111,5.
259 3311 316 3359 Duo
327 3311 503 3359 Manutuuon
517 3310 592 3358 modo
635 3327 706 3364 etc.»
731 3317 826 3365 Deinde
850 3315 913 3365 Pith,
939 3313 1069 3363 «habenda
1086 3321 1147 3359 esset

75 3403 130 3435 uon
140 3385 301 3452 impertitura.
315 3389 363 3438 Sed
374 3405 457 3453 comp.
469 3389 547 3438 Acad.
555 3392 593 3452 Il,
636 3397 714 3444 oratio
723 3396 776 3444 haee
785 3418 808 3446 a.
823 3397 906 3444 Gens.

79 3479 128 3528 19,
141 3466 188 3515 62:
200 3468 295 3530 «Quod
306 3483 356 3518 non
366 3469 441 3517 modo
455 3481 520 3518 recte
530 3467 592 3528 fieri,
675 3491 713 3524 ro.
725 3475 823 3522 Dictum
838 3486 875 3522 ese
893 3465 974 3539 igitm,
985 3461 1039 3520 etc.
1058 3471 1116 3520 Non
1134 3487 1147 3518 s

76 3545 121 3593 sed
139 3545 241 3595 omnino
259 3547 311 3595 lieri
330 3565 382 3596 non
404 3558 523 3613 potesta,
542 3563 592 3612 quo
636 3554 724 3602 Stoicis
733 3553 827 3614 modo,
846 3551 889 3600 sed
901 3568 914 3598 s
928 3551 1058 3600 Socrsticis
1071 3551 1148 3597 omui·

75 3624 147 3682 loco,
158 3634 186 3672 ut
195 3627 353 3690 Hottingerus
364 3627 395 3675 ed
411 3629 496 3677 Divin.
505 3630 531 3688 1,
545 3629 591 3685 56,
635 3631 696 3692 bus,
709 3643 737 3679 ut
757 3643 794 3679 est
807 3632 874 3696 npud
887 3631 1010 3678 Plutonem
1025 3641 1050 3679 et
1061 3631 1147 3677 Xeno-

76 3702 267 3763 snimsdvertit,
283 3721 352 3754 «nou
364 3716 446 3771 potest
454 3730 466 3750 a
480 3706 512 3755 sd
525 3705 593 3770 prius
635 3709 761 3776 phontem.
773 3712 848 3759 Fscc.
860 3737 895 3746 -
905 3709 1027 3757 Prolixior
1037 3709 1078 3755 ills
1091 3706 1148 3754 inde

76 3783 150 3829 mium
166 3781 299 3830 membrum
319 3785 441 3848 pertinet:
454 3785 490 3833 sie
507 3795 592 3832 nostro
635 3805 649 3838 ι
663 3801 905 3853 «quommeuctor.»
917 3790 1035 3836 sermonis
1045 3785 1148 3835 deflexio

76 3859 134 3908 loeo
148 3860 298 3911 «habendus
311 3878 362 3911 uon
376 3865 444 3911 eritn
463 3877 593 3927 utrumque
635 3868 698 3917 hunc
707 3868 876 3932 repetitionem
885 3877 993 3916 etcum.
1006 3869 1088 3916 Gens.

75 3940 212 3988 membrum
229 3942 342 4006 attingit,
365 3943 411 3991 sed
430 3945 525 4006 gravius
547 3958 592 4008 pro
675 3963 715 3997 11.
740 3947 807 4010 Quid
822 3957 858 3996 est
875 3947 939 3994 emin
952 3947 1060 3994 libertas.
1078 3945 1147 3992 Unus

76 4041 90 4062 ι
101 4020 229 4069 sedetiam
240 4043 251 4062 n
265 4023 364 4086 posito:
383 4038 464 4086 comp.
477 4039 532 4088 quae
545 4039 589 4071 uo·
633 4028 712 4090 antiq.
727 4027 783 4075 cod.
797 4028 888 4076 Ursini.
904 4029 953 4076 Ox.
973 4025 1004 4073 N.
1019 4035 1043 4072 et
1057 4032 1148 4087 septem

77 4110 126 4151 ur.
139 4100 172 4150 sd
184 4099 295 4164 offint,
315 4105 361 4164 st,
378 4118 423 4166 99.
436 4104 588 4170 Quemquam
633 4105 833 4157 Msuutrddunt
847 4107 905 4156 nisi.
924 4107 985 4154 Item
1003 4102 1051 4153 Tb.
1069 4101 1148 4153 beuti.
