2724 4690
386 405 764 476 ARGUMENTUM.
971 492 978 498 ι
1033 437 1097 482 ort

78 529 117 589 ire
128 527 277 587 fiduciam.
297 523 387 586 Plane
407 538 503 586 autem
520 546 581 586 esse
600 526 771 600 absurdum,
795 525 838 586 rei
856 529 976 609 alicujus
992 531 1104 611 siguum

76 626 273 706 (neverum)
286 627 390 704 sequi,
414 625 494 704 quod
508 627 554 684 vel
569 627 692 699 falsum,
709 628 761 701 ,vel
777 627 848 686 nihil
862 629 949 706 plene
963 651 1025 690 esse
1038 651 1105 712 pos·

77 726 130 797 sit,
152 731 168 798 5
182 725 244 798 35,
260 725 309 783 36.
940 717 942 722 ’

115 821 272 880 Adduntur
283 820 343 890 his,
356 820 425 880 satis
439 819 619 898 dijudicetis,
636 820 775 899 paneade
795 834 994 902 coquerentur,
1014 845 1104 904 quum

77 937 111 976 ee
132 937 179 977 res
197 929 284 976 auten
304 915 334 974 in
356 917 486 975 vertutis
510 935 646 976 sensuum
662 915 830 976 defensione
848 918 910 995 jem
932 924 1104 997 praemunire

77 1016 126 1087 sit;
143 1035 296 1094 quumque
317 1015 422 1072 animal
441 1033 500 1072 nou
514 1015 622 1094 possit,
636 1014 707 1093 quin
723 995 804 1092 agai,
820 1014 851 1072 id
862 1029 921 1090 est,
934 1018 1058 1092 sentiat,
1076 1033 1106 1080 et

77 1114 259 1172 assentiatur.
273 1112 328 1172 His
342 1111 429 1191 igitur
445 1112 571 1170 animum
586 1131 666 1190 paene
680 1111 767 1190 eripi,
783 1109 890 1190 quibus
909 1114 957 1174 isti
971 1135 1025 1174 nee
1038 1135 1105 1176 sen-

78 1239 124 1278 sus
139 1215 259 1298 (certos)
273 1237 327 1276 nec
341 1217 532 1278 assensionem
543 1217 712 1276 concedent.
726 1222 768 1278 Ut
780 1217 857 1277 enim
865 1219 934 1278 lanx
944 1220 1026 1280 librae
1037 1242 1108 1302 pon·
1202 1236 1205 1244 “

19 1355 23 1360 -
78 1316 145 1375 det-c
161 1315 262 1375 addito
278 1315 475 1394 deprimetur,
491 1315 531 1374 ite
545 1314 673 1372 animum
689 1313 785 1394 adigi,
800 1329 834 1374 ut
848 1317 1009 1396 perspicuis
1025 1319 1107 1379 eede-

78 1425 140 1486 ret,
156 1433 250 1492 enque
263 1411 450 1492 approbaret.
465 1412 554 1491 Sequi
567 1411 636 1470 inde
649 1414 755 1486 etiam,
782 1413 843 1474 sine
856 1416 1021 1476 assensione
1036 1437 1109 1476 con-

78 1523 152 1570 stare
163 1531 221 1570 nec
234 1509 420 1582 memoriam,
432 1529 486 1569 nec
503 1510 637 1568 notiones
656 1528 840 1580 communes,
854 1532 923 1583 nec,
936 1532 1001 1591 qum
1014 1535 1050 1573 ex
1064 1516 1109 1576 his

78 1619 234 1680 constant,
255 1619 331 1664 artes
346 1624 448 1684 posse:
463 1618 509 1674 et,
534 1604 616 1682 quod
628 1605 829 1682 gravissimum
844 1607 896 1681 sit,
916 1609 988 1668 nihil
1002 1611 1032 1668 in
1052 1631 1109 1690 po-

79 1717 179 1764 testate
191 1717 295 1763 nostra
308 1721 388 1776 esse,
405 1703 430 1761 si
440 1722 571 1762 assensus
585 1703 678 1761 omnis
692 1702 872 1763 cohibendus
886 1707 932 1764 sit.
948 1701 993 1765 Its
1012 1708 1108 1766 virtu-

79 1819 134 1862 tem
146 1823 210 1862 esse
221 1802 331 1861 nullent
343 1802 470 1880 ,quippe
483 1821 548 1879 qnae
559 1802 620 1860 sols
632 1801 662 1859 in
676 1799 760 1860 nobis
771 1803 865 1880 positu
878 1803 922 1866 sit.
934 1805 1011 1863 Tolli
1022 1805 1111 1884 igitur

78 1901 183 1980 egendi
202 1902 346 1959 rationem
362 1913 391 1959 et
405 1901 500 1970 mam,
531 1899 556 1959 si
570 1899 625 1958 visi
643 1899 749 1958 veritas
763 1919 951 1980 assensusque
970 1903 1109 1978 tollatur,

79 1999 170 2076 §37‚
194 1997 252 2066 38,
268 1999 316 2074 39.

115 2101 182 2155 Jnm
204 2097 275 2175 ipsse
298 2095 531 2154 adversariorum
545 2093 672 2153 rationes
690 2094 811 2173 propius
826 2107 1012 2174 spectantur,
1039 2117 1112 2176 prse-

79 2191 162 2252 misss
184 2193 274 2251 totius
289 2211 391 2251 eorum
405 2204 507 2249 conus
526 2191 654 2249 visorum
668 2191 817 2249 veritatem
831 2201 989 2272 συστήματος
1007 2192 1113 2252 ndum-

79 2287 222 2349 bratione.
236 2289 360 2350 Definiri
371 2289 500 2347 visorum
512 2289 593 2357 vim,
619 2302 648 2347 et
662 2308 767 2366 genere
781 2275 821 2347 sic
835 2331 843 2358 ‚
864 2303 897 2348 ut
911 2301 938 2351 τὸ
953 2302 1112 2357 καταληπτὸν

79 2387 182 2446 iisdem
195 2405 316 2466 prorsus
330 2405 395 2445 cum
408 2386 505 2444 stoicis
519 2383 615 2443 verbis
627 2399 762 2463 ponetur.
780 2384 856 2443 Addi
868 2385 927 2444 duo
940 2430 948 2458 ,
962 2385 993 2444 in
1007 2386 1112 2466 quibus

80 2484 168 2544 totins
181 2484 349 2561 questionis
358 2493 447 2560 ceput
457 2493 597 2539 versetur.
607 2483 738 2541 Alterum
751 2504 758 2539 :
772 2487 844 2554 Quae
855 2483 915 2541 viss
926 2485 967 2542 ita
978 2483 1110 2543 sensibus

80 2602 109 2640 se
124 2581 253 2640 offerant
265 2623 274 2650 ‚
288 2579 391 2638 utalia
404 2580 465 2637 visa
479 2576 582 2636 eodem
595 2597 715 2656 prorsus
729 2577 833 2652 modo,
848 2592 877 2637 et
896 2581 957 2639 sine
976 2581 1036 2639 ullu
1056 2581 1111 2638 dit-

81 2679 218 2751 lerentia,
238 2677 372 2736 sensibus
394 2694 475 2754 eque
494 2693 525 2732 se
547 2673 654 2732 ollerre
673 2676 785 2756 possint
804 2697 811 2732 ε
827 2695 886 2733 non
904 2697 1005 2735 eorum
1025 2697 1111 2756 posse

79 2775 141 2836 ltaec
159 2775 289 2856 percipi,
312 2772 361 2831 ills
376 2791 437 2830 non
453 2770 575 2850 percipi.
603 2772 759 2830 Alterum:
780 2773 847 2830 Siue
869 2773 928 2830 ulle
946 2771 1110 2833 differentia

79 2889 136 2928 non
160 2869 257 2928 solum
285 2887 320 2926 ea
347 2885 428 2933 esse,
461 2883 526 2942 quae
551 2861 635 2940 plane
662 2863 871 2941 ejusdemmodi
898 2865 975 2938 sint,
1003 2865 1053 2924 sed
1078 2887 1111 2926 ea

80 2985 216 3045 quoque,
244 2983 308 3042 que
336 2959 461 3020 discerni
490 2973 644 3038 nequeant.
677 2951 730 3019 His
756 2961 931 3039 premissis,
958 2963 1111 3040 complecti

14 3111 17 3116 .
81 3081 129 3122 eos
151 3075 247 3122 totum
268 3077 361 3118 causae
378 3073 579 3137 argumentum
601 3076 659 3114 une
682 3057 887 3129 conclusione;
910 3057 957 3115 eui
976 3059 1031 3117 alia
1051 3059 1110 3118 duo

84 3157 348 3240 (consectariomm
371 3155 457 3230 loco)
473 3177 480 3212 :
499 3159 571 3230 Quae
584 3155 646 3212 viso
657 3151 788 3212 sensibus
802 3155 963 3212 offeruntur
977 3197 985 3224 ,
1010 3175 1111 3216 eorum

83 3257 136 3316 alin
148 3275 221 3316 rere
231 3299 241 3324 ‚
252 3253 309 3319 ulia
321 3253 391 3311 l'alse
403 3271 465 3310 esse
479 3273 486 3308 τ
501 3263 530 3309 et
544 3292 553 3319 ,
565 3254 659 3310 Omne
674 3250 766 3308 visum
787 3251 844 3308 tale
856 3269 938 3322 esse,
953 3263 1002 3324 ut,
1018 3273 1110 3330 quum

84 3375 182 3414 armo
195 3352 250 3423 sit,
268 3369 286 3409 a
306 3349 376 3409 falso
389 3367 506 3426 qnoque
518 3347 609 3426 possit
622 3365 691 3410 esse.
708 3351 777 3406 Haee
793 3347 851 3405 duo
864 3361 996 3407 accurate
1008 3363 1038 3408 et
1049 3349 1111 3410 dis-

83 3453 168 3512 tincte
178 3449 307 3511 tractari.
320 3447 446 3504 Primum
459 3444 495 3503 de
506 3442 654 3516 sensibus;
677 3443 801 3517 deinde,
817 3463 882 3522 quae
901 3443 1067 3520 adsensus,
1081 3459 1110 3506 et

82 3549 198 3608 omnino
224 3545 262 3606 sd
286 3541 524 3602 consuetudinem
550 3539 618 3618 (cui
641 3540 749 3599 conlidi
778 3541 891 3620 nolint)
921 3543 1109 3620 pertineant:

83 3660 141 3705 turn
154 3665 192 3704 eo
206 3640 400 3712 descendere,
413 3652 456 3708 ut,
469 3659 506 3697 ne
520 3639 633 3696 radone
647 3637 764 3716 quidem
776 3652 805 3696 et
818 3637 983 3716 conjecturs
999 3643 1110 3720 percipi

83 3744 240 3822 quidquam
254 3758 348 3816 posse,
362 3747 498 3796 statuant.
513 3739 582 3795 llaec
593 3737 622 3793 in
637 3755 702 3794 sires
713 3755 836 3814 quaeque
847 3751 944 3815 partes
958 3738 1110 3816 diligenter

82 3839 170 3898 dividi
185 3882 194 3907 ,
222 3852 385 3911 eorumque
398 3831 515 3909 singulis
531 3829 704 3910 inpartibus
718 3831 749 3889 id
762 3832 807 3909 ogi
820 3875 829 3902 ,
843 3845 875 3890 ut
886 3833 1028 3905 efficiunt,
1045 3851 1109 3892 orn-

82 3937 165 3996 nibus
186 3935 265 3994 veris
285 3931 374 4004 risis,
402 3930 459 3988 alia
480 3930 551 3988 falsa
566 3929 685 3998 edesse,
714 3948 779 4007 quae
793 3947 810 3986 a
824 3929 901 3988 veris
916 3929 1040 3988 discerni
1056 3948 1109 3986 ne-

83 4041 210 4108 queunt:
234 4038 268 4085 nt
281 4025 353 4083 nibil
364 4021 571 4100 comprehendi
584 4021 694 4100 possit:
716 4027 795 4093 sto,
817 4031 850 4092 qr
865 4065 874 4096 ,
897 4032 944 4093 qo.

119 4127 189 4182 llec
202 4119 365 4197 excogitate
378 4115 495 4194 quidem
510 4133 572 4174 esse
585 4111 745 4185 subtiliter;
766 4114 818 4173 sed
830 4114 904 4172 hanc
918 4115 1007 4190 ipsum
1021 4111 1111 4172 subti-

937 4213 989 4293 tq.
