2776 4688
294 415 330 482 Ρ.
357 413 594 484 VALENTIAE
623 413 898 484 AGADEMICA.
1087 411 1133 508 73

75 533 373 626 est)«vehementer
387 557 493 598 errare
509 534 636 622 eosqui
653 533 762 598 dicant
778 534 818 598 ab
835 532 1006 600 Academia
1022 557 1135 600 sensus

74 643 162 730 eripi,
177 664 198 704 a
218 640 338 728 quibus
357 662 537 729 numquam
553 639 676 704 dicmm
692 641 752 722 sit,
771 655 827 704 aut
842 641 1001 722 colorem,
1017 657 1073 704 aut
1088 663 1137 705 sa-

75 769 198 834 porem,
224 761 283 808 aut
300 767 418 809 sonum
440 745 566 809 nullum
582 767 666 827 esse;
683 745 763 810 illud
780 746 821 810 sit
840 744 1056 834 disputatum,
1069 767 1137 810 non

75 853 170 915 inesse
185 852 223 914 in
240 851 290 914 his
310 852 495 939 propriam,
522 873 594 940 que
617 873 778 939 nusquam
794 851 869 920 alibi
893 868 995 933 esset,
1018 852 1139 916 veriet

75 957 145 1019 certi
158 971 274 1020 uotam
286 986 311 1020 ι.
331 955 524 1020 Plutarchus
538 955 586 1043 (1)
600 955 641 1020 de
655 957 719 1020 hoc
733 978 889 1044 perquam
902 957 1064 1044 eleganter
1080 958 1142 1020 Co·

74 1061 141 1123 lotas
154 1058 336 1148 respondet
352 1084 361 1125 :
380 1091 393 1116 ι
405 1061 530 1125 Sentire
540 1083 618 1126 vero
631 1077 663 1126 et
679 1061 719 1125 ab
733 1061 772 1125 iis
787 1083 859 1149 quse
872 1076 1043 1150 apparent,
1059 1063 1142 1126 viso·

75 1187 143 1228 rum
156 1165 390 1253 impressiones
401 1166 558 1254 recipere,
572 1167 757 1232 communis
768 1166 921 1234 omnibus
933 1167 1062 1232 affectio
1077 1183 1143 1247 est,

79 1287 106 1334 et
121 1293 194 1358 quae
212 1293 385 1336 causarum
400 1273 526 1336 ratione
548 1295 586 1336 ac
606 1272 817 1362 intelligentia
841 1274 1019 1340 carentium
1045 1295 1142 1361 opere

78 1375 263 1440 absolvitur.
282 1379 439 1442 Doctrina
457 1401 535 1442 vero
562 1401 598 1442 ea
616 1395 715 1466 atque
742 1377 918 1467 disputatio
941 1401 1006 1466 qua
1031 1399 1143 1448 sensus

78 1481 241 1546 utiminus
258 1481 299 1546 ad
317 1481 414 1548 fidem
432 1483 612 1548 faciendam
633 1486 734 1550 exacti
752 1501 850 1572 atque
865 1484 974 1548 idonei
993 1484 1145 1565 rejiciun-

80 1603 141 1669 tur,
160 1610 231 1652 nou
250 1589 337 1653 tollit
356 1591 532 1677 quominus
549 1613 688 1679 quaeque
705 1611 754 1654 res
773 1589 868 1654 nohis
889 1606 1061 1678 appareat3
1088 1587 1145 1652 sed

80 1693 222 1758 sensibus
239 1717 279 1758 ex
297 1695 367 1775 ejus
384 1694 474 1783 quod
491 1713 626 1783 apparet
639 1695 766 1759 ratione
783 1694 824 1760 sd
838 1695 981 1759 actiones
998 1695 1046 1757 uti
1065 1715 1146 1757 con-

81 1797 209 1882 sedus,
237 1799 338 1864 fidere
357 1801 402 1864 eis
418 1818 584 1889 tamquam
607 1802 745 1866 omnino
758 1801 842 1864 veris
861 1817 893 1864 et
913 1800 968 1888 qui
987 1819 1092 1862 errare
1110 1821 1147 1860 ac

82 1901 138 1966 labi
153 1925 224 1968 nou
243 1906 388 1993 possint,
412 1929 480 1969 non
499 1907 675 1996 permittit:
697 1903 732 1968 id
753 1907 840 1968 enim
863 1927 929 1992 quo
946 1903 986 1968 ad
1006 1924 1151 1967 necessa·

83 2010 140 2072 rios
159 2031 240 2073 usus
262 2026 312 2074 est
332 2033 433 2099 opus,
452 2012 500 2093 ab,
517 2014 596 2102 ipsis
614 2033 744 2076 sumere
758 2013 833 2075 satis
850 2012 964 2092 suerit,
992 2011 1147 2098 quoniam

85 2113 191 2178 melius
207 2115 298 2180 aliud
314 2140 382 2181 non
401 2135 469 2201 est3
498 2141 568 2181 eam
589 2137 699 2183 autem
718 2119 759 2183 de
778 2118 913 2206 singulis
933 2117 1029 2181 rebus
1044 2117 1148 2179 scien·

18 2305 19 2308 Ἴ
87 2217 155 2282 tiam
170 2235 203 2284 et
218 2222 464 2309 cognitionem,
489 2224 583 2304 cujus
607 2223 767 2288 desiderio
793 2224 956 2311 sapientie
985 2221 1150 2286 studiosus

85 2325 205 2390 animus
221 2343 354 2391 tenetur
369 2327 504 2414 [sensus
517 2329 550 2416 ],
568 2351 634 2392 non
653 2329 775 2393 habent
787 2359 810 2392 ν.
828 2329 889 2393 Hic
908 2345 1016 2392 autem
1030 2329 1063 2389 in
1081 2349 1148 2391 me·

87 2432 219 2496 moriam
235 2433 417 2500 revocanda
433 2459 491 2518 ea,
510 2457 582 2523 quae
605 2435 650 2500 de
663 2435 811 2500 sensibus
830 2435 870 2499 ab
888 2435 1002 2498 Stoicis
1019 2433 1101 2509 dici,
1121 2449 1153 2495 et

87 2535 123 2599 ab
138 2536 338 2604 Academicis
355 2535 533 2604 contradici
560 2539 797 2604 adnotabamus
819 2562 827 2602 ε
850 2539 932 2603 nibil
956 2539 1041 2602 enirn
1066 2559 1157 2600 com·
1247 2593 1249 2600 .

88 2641 297 2728 prehensione
314 2661 365 2709 est
383 2668 487 2734 opus,
515 2662 554 2710 ut
571 2647 644 2734 quis
669 2647 787 2710 sentire
812 2644 957 2726 dicatur,
986 2667 1023 2707 ac
1048 2643 1152 2705 multo

89 2749 207 2813 minus
218 2773 373 2832 assensu,
401 2752 448 2832 si,
468 2753 518 2816 uti
539 2751 724 2816 Academici
749 2749 919 2832 volebant,
949 2771 1062 2812 sensus
1088 2757 1152 2828 butt

87 2862 172 2928 πάθος,
187 2855 221 2920 id
239 2871 304 2937 est,
322 2855 411 2922 nuda
428 2880 465 2921 ao
477 2842 614 2946 simplex
629 2857 759 2922 allectio
778 2872 826 2921 est
841 2879 849 2920 :
876 2854 967 2945 quod
979 2872 1011 2918 et
1026 2855 1156 2942 Peripa·

92 2959 170 3023 tetici
186 2961 372 3026 existimare
389 2962 555 3028 dicuutur.
806 2946 807 2956 ἵ

130 3063 181 3142 tt.
198 3067 392 3132 Memoriam
409 3091 506 3151 vero,
533 3086 571 3134 et·
591 3082 691 3150 artes,
715 3067 908 3155 decretaque
933 3065 1043 3129 omnia
1064 3065 1156 3127 facile

93 3168 155 3236 sine
169 3175 461 3260 comprehensione
479 3191 581 3256 stare,
599 3176 740 3263 satisque
762 3172 855 3236 firme
864 3169 1030 3259 probabile
1044 3168 1157 3250 inniti,

18 3281 19 3286 ’
94 3276 160 3362 quis
174 3279 294 3368 neget?
310 3303 413 3368 quum
438 3279 516 3344 false
534 3302 689 3369 quaeque,
712 3281 863 3369 ipsasque
885 3277 967 3341 adeo
986 3292 1158 3364 poetarum

94 3379 379 3452 sabulasmemonn
397 3387 494 3450 etiam
511 3386 713 3452 tenacissime
727 3401 904 3448 teneamus.

134 3487 184 3565 46.
207 3489 346 3572 Qualem
368 3513 445 3556 vero
470 3488 731 3582 probabilitatem
753 3489 940 3579 quibusque
957 3485 1160 3576 ponderibus

97 3595 302 3661 mutinatam
317 3613 416 3685 atque
431 3619 623 3687 perpensam
638 3596 817 3661 Carneades
836 3595 928 3684 sequi
943 3593 1090 3676 juberet,
1107 3617 1161 3657 ac-

99 3713 200 3762 curata
215 3700 276 3766 hec
289 3703 508 3791 probabilium
523 3702 766 3791 phantasiarum
779 3702 954 3794 partitione
965 3697 1081 3763 tradita
1093 3699 1162 3785 ipse

100 3797 213 3868 docuit.
223 3805 412 3872 Pbantost'oe
419 3808 487 3872 alie
496 3823 575 3872 sunt
586 3823 714 3870 tantum
724 3817 840 3875 esseest,
852 3806 886 3870 id
895 3821 958 3886 est,
966 3799 1143 3892 probabiles
1150 3825 1163 3880 ,·

100 3909 161 3975 alloe
174 3920 273 3974 cesset
285 3922 328 3976 ul
340 3925 523 4000 despicatus-ot,
539 3913 573 3978 ld
588 3929 637 3979 est
645 3961 653 3995 ,
662 3911 843 4001 probabiles
854 3911 952 3976 simul
964 3923 996 3983 et
1011 3930 1084 3998 quoe
1098 3929 1161 3970 nott

18 4203 19 4206 Ἴ
133 4132 171 4200 (r)
181 4117 268 4186 Contra
280 4135 403 4196 Coloten,
414 4151 469 4202 pag.
484 4139 564 4200 1118,
576 4137 600 4186 b.
