2784 4666
508 375 697 458 TIMAEUs.
1058 378 1127 478 625

72 529 130 586 que
141 521 170 568 et
182 506 662 587 pinguedineabundantissimum,
676 508 746 566 dum
763 508 863 568 defluit
874 529 910 567 ex
922 504 1033 574 ossibus
1044 531 1131 595 atque
1230 541 1231 544 ¹

72 602 227 674 delabitur,
239 600 394 658 medullam
408 599 525 676 irrigat:
547 613 687 676 quatenus
704 599 792 676 igitur·
806 601 917 677 singula
936 602 1013 663 hunc
1027 607 1056 664 ih
1069 628 1133 666 mo-

72 696 143 752 dom
159 697 246 767 liunt,
265 693 342 751 bona
359 691 489 750 valitudo
507 705 658 750 servatur:
678 691 753 749 mala
763 711 832 749 vero
844 694 974 770 sequitur
987 697 1133 774 valitudo,

71 785 190 864 quando
200 785 233 842 fit
244 795 360 842 contra:
371 801 437 840 narn
448 783 580 859 quotiens
597 783 721 860 eliquata
740 801 808 840 caro
823 783 917 842 tabem
931 793 1029 846 r'ursus
1039 802 1135 850 trans-

72 879 161 936 mittit
175 878 206 935 in
221 896 325 948 venas,
338 874 452 952 sanguis
464 893 523 932 una
537 894 602 932 curn
613 875 718 952 spiritu
731 876 837 934 multus
851 897 885 934 ac
897 879 993 937 varius
1003 880 1034 938 in
1045 883 1135 955 venis,

71 967 223 1028 coloribus
237 966 374 1038 diversis,
390 965 637 1043 amaritudineque
654 978 684 1024 et
696 965 786 1024 acidis
803 969 942 1046 salsisque
953 971 1076 1030 infectus
1089 993 1137 1032 sa-

71 1061 213 1140 poribus,
234 1059 339 1132 bilem,
356 1077 507 1130 cruorem,
523 1057 657 1135 pituitam
680 1057 769 1137 gignit
787 1075 874 1136 quam
889 1061 1041 1137 plurimam
1054 1085 1061 1119 :
1073 1083 1138 1142 quae

70 1153 191 1239 quidem
209 1154 305 1210 omnia
324 1171 424 1210 rursus
445 1151 486 1209 sic
506 1149 602 1228 genita
616 1163 645 1208 et
660 1163 799 1230 corrupta
817 1153 983 1229 sanguinem
999 1155 1094 1234 ipsum
1107 1158 1137 1214 in

70 1247 173 1324 primis
186 1245 332 1316 inliciunt,
347 1257 377 1301 et
394 1244 458 1322 ipsa
475 1242 587 1300 nullum
600 1241 806 1300 nutrimentum
821 1243 988 1304 adhihentia
1004 1249 1138 1326 corpori,

71 1339 207 1396 feruutur
220 1337 324 1415 passim
334 1355 388 1414 per
401 1352 505 1406 venas,
518 1333 599 1390 nullo
610 1353 729 1412 prorsus
740 1335 880 1394 naturalis
889 1337 1024 1396 circuitus
1035 1340 1140 1398 ordine

71 1429 245 1488 observato:
262 1429 378 1486 inimica
395 1445 463 1485 sane
477 1427 553 1484 inter
566 1439 626 1483 sese
640 1426 694 1484 ista
708 1440 788 1496 sunt,
801 1439 956 1506 propterea
967 1431 1050 1508 'quod
1066 1433 1137 1490 nul-

71 1522 132 1580 lum
147 1522 192 1580 sui
209 1519 263 1578 sibi
284 1520 409 1578 invicem
429 1515 563 1596 praebeat
576 1535 682 1575 usum:
701 1517 824 1576 naturali
845 1532 985 1597 praeterea
1006 1524 1138 1600 corporis

70 1613 238 1672 habitudini
258 1631 368 1690 suoque
388 1611 420 1668 in
441 1621 519 1668 statu
537 1609 732 1688 perseveranti
752 1609 938 1668 dissolvendo
960 1625 990 1670 et
1011 1613 1136 1690 liquefa-

70 1706 176 1766 ciendo
190 1705 347 1783 plurimum
363 1703 571 1761 adversantur:
585 1700 682 1778 portio
697 1715 822 1777 namque
837 1701 931 1759 carnis
948 1705 1138 1764 vetustissima

70 1817 163 1874 quum
173 1797 319 1874 liquescit,
334 1795 371 1852 ad
382 1793 569 1871 digestionem
578 1793 852 1867 concoctionemque
864 1792 1056 1871 ineptissima,
1070 1816 1136 1874 pro-

69 1902 138 1966 pter
151 1901 278 1946 veterem
291 1886 468 1944 exustionem
478 1882 628 1960 nigrescit:
641 1882 709 1959 quia
719 1901 788 1940 vero
804 1883 954 1942 contabuit
968 1887 1139 1966 penitusque

68 2001 157 2039 exesa
173 1992 235 2051 est,
249 1975 471 2036 amaritudinem
487 1974 645 2042 contrahit,
661 1975 763 2031 ceteris
779 1974 912 2033 omnibus
927 1979 1059 2056 corporis
1071 1999 1137 2059 par-

70 2073 151 2130 tibus
164 2070 294 2128 nondum
309 2068 508 2126 contaminatis
522 2065 693 2123 adversam:
715 2077 744 2122 et
763 2078 824 2122 tum
846 2065 963 2142 quidem
981 2089 1035 2146 pro
1055 2083 1138 2131 atha-

67 2163 200 2222 ritudine
213 2161 295 2238 niger
310 2161 374 2238 ipse
387 2160 469 2216 color
482 2156 668 2216 acerbitatem
682 2167 711 2215 et
724 2158 909 2216 acrimoniam
918 2159 1062 2234 habet‘eo
1066 2165 1138 2242 jam,

68 2255 154 2334 quod
173 2271 301 2320 amarum
319 2253 429 2322 luerat,
448 2251 537 2327 magis
551 2261 715 2308 attenuato:¹
732 2263 793 2308 tum
810 2265 881 2308 vern
896 2254 1058 2314 amaritudo
1070 2275 1138 2316 rur-

67 2367 120 2406 sus
134 2347 272 2422 sanguine
288 2345 375 2403 tincta
385 2344 512 2401 colorem
522 2339 610 2399 habet
621 2339 758 2412 ruheum;
770 2340 820 2399 sed
833 2341 916 2420 nigro
927 2342 996 2402 huic
1009 2346 1137 2406 admixto

69 2441 208 2498 felleum:
226 2450 365 2516 praeterea
377 2436 468 2493 flavus
482 2435 563 2492 color
581 2451 646 2490 cum
661 2431 852 2491 amaritudine
869 2435 941 2502 coit,
963 2438 1079 2513 quando
1097 2437 1137 2497 ob

69 2531 146 2610 ignis
159 2530 303 2588 flammam
316 2547 391 2586 nova
405 2547 473 2584 caro
486 2525 636 2603 liquescit:
649 2537 678 2582 et
694 2545 800 2584 nomen
816 2525 934 2602 quidem
945 2528 1078 2587 omnibus
1091 2530 1136 2589 his

68 2641 223 2681 commune
235 2621 323 2680 bilem
336 2621 475 2698 imposuit
489 2620 535 2676 vel
546 2615 674 2675 medicus
691 2617 810 2693 aliquis,
825 2617 870 2674 vel
885 2629 1010 2675 certeco
1020 2620 1135 2698 ingenio

70 2713 212 2792 praeditus
232 2712 386 2790 quispiam,
400 2731 459 2787 quo
479 2709 569 2766 multa
589 2718 619 2764 et
637 2706 784 2764 dissimilia
804 2707 947 2785 dispicere
966 2719 1077 2785 posset,
1103 2729 1137 2770 ac

71 2825 173 2864 rursus
189 2823 278 2883 genus
296 2805 326 2861 ia
340 2801 438 2860 multis
454 2819 544 2858 uuum
560 2815 621 2856 uuo
634 2809 825 2873 cognomento
839 2796 957 2874 dignum
973 2799 1135 2876 inspicere:

70 2919 137 2976 quae
148 2916 219 2956 vero
230 2895 296 2954 hilis
309 2893 418 2974 species
432 2890 627 2970 appellantur,
639 2905 694 2963 pro
705 2887 836 2944 colorum
846 2887 982 2946 redemta
993 2891 1135 2951 rationem

71 2989 193 3068 singulis
207 2987 356 3067 propriam
372 2993 547 3062 acceperunt
563 3001 570 3036 ε
587 2990 673 3037 tritor
690 2981 845 3056 praeterea,
860 2978 911 3056 qui
925 2981 1071 3057 sauguinis
1087 3003 1133 3042 re-

71 3083 190 3142 siduum
212 3093 241 3138 et
257 3079 388 3138 defluxus
407 3087 465 3143 est,
489 3073 560 3132 lenis
579 3083 623 3130 est
643 3089 677 3128 ac
691 3069 786 3128 mitis:
812 3069 863 3146 qui
879 3089 951 3127 vern
971 3068 1038 3130 bilis
1064 3085 1134 3133 atrae

72 3174 222 3251 acrisque,
234 3171 366 3249 agrestis,
380 3167 496 3246 quando
512 3177 632 3244 propter
651 3161 822 3221 caliditatem
837 3161 912 3220 salso
926 3164 1023 3240 sapori
1036 3167 1136 3224 misce-

71 3281 136 3325 tur:
148 3263 316 3342 hajusmodi
326 3258 464 3339 quiddam
475 3257 557 3316 acida
566 3257 671 3336 pituita
679 3265 878 3332 nuncupatur:
888 3273 1042 3332 saepevero
1057 3270 1135 3318 tene-

71 3359 160 3420 rioris
170 3358 351 3433 recentisque
361 3353 456 3412 carnis
466 3351 563 3432 portio
573 3349 706 3430 quaedam
714 3359 771 3405 una
784 3365 849 3404 cum
863 3365 929 3406 aere
938 3347 1134 3425 colliquescit:

72 3449 180 3510 deinde
205 3461 291 3507 vento
308 3448 424 3505 inflatur
445 3443 573 3513 incluso,
592 3439 763 3499 humiditate
781 3438 914 3516 protinus
936 3439 1134 3503 circumfusa:

71 3544 250 3619 linntqueex
261 3541 318 3599 hoc
329 3537 475 3616 ampulla,
485 3553 550 3613 quae
566 3533 708 3612 sigillatim
718 3543 841 3609 propter
856 3530 1027 3608 parvitatem
1040 3535 1134 3596 videri

72 3653 134 3691 non
149 3645 284 3711 pesstmt,
296 3631 403 3709 junctae
414 3645 485 3686 vero
498 3626 583 3684 simul
596 3638 626 3683 et
642 3624 672 3682 in
686 3621 870 3701 grandiorem
888 3625 1048 3685 tumefactae
1065 3649 1132 3688 mo-

73 3727 132 3784 lem
145 3723 377 3802 conspiciuntur,
396 3721 582 3796 coloremque
593 3729 714 3797 propter
728 3733 837 3794 spumae
850 3718 1065 3793 generationem
1079 3720 1134 3778 ha-

72 3819 145 3877 bent
157 3817 269 3876 album:
284 3835 399 3875 ornnem
413 3814 487 3872 hauc
501 3809 650 3870 tenerioris
669 3808 764 3866 carnis
778 3807 981 3884 eliquationem
995 3829 1052 3869 una
1066 3831 1132 3869 cum

73 3911 179 3989 spiritu
193 3911 312 3980 sactum,
329 3927 394 3986 quae
407 3927 444 3964 ex
457 3901 625 3971 humiditate
642 3913 728 3959 vento
748 3899 922 3957 circumfusa
937 3901 1081 3973 tumescit,
1096 3903 1135 3960 al-

74 4004 143 4062 bam
155 4003 287 4082 pituitam
300 3999 495 4080 appellamus:
520 3994 643 4056 receuds
657 3995 728 4053 item
743 3992 855 4071 pituita
876 3991 1023 4052 residuum
1041 3992 1134 4052 dellu-

148 4099 174 4167 1.
203 4111 251 4163 cte.
265 4123 325 4176 part
336 4105 411 4155 tertia.
970 4087 1018 4169 40
