2776 4688
236 334 284 418 to
602 277 937 398 mmonucrio.

237 451 396 523 memoria
417 447 565 538 quasdam
585 464 619 515 et
638 449 820 514 'recordatio
839 470 953 514 eorum
974 469 1047 534 quae
1066 462 1240 536 apparent,
1258 447 1310 511 vel

239 560 470 651 qualicumque
493 556 673 622 rationein
695 556 923 644 cogitationem
946 552 1100 635 veniunt,
1125 551 1310 618 secundum

238 686 342 754 quam¹
351 663 459 728 omnia
471 661 625 726 omnibus
637 661 864 742 conferuntur,
877 676 910 726 et
921 674 1105 748 comparata
1114 675 1212 746 atque
1222 659 1312 723 inter

237 795 273 836 se
288 771 465 860 composita
479 768 605 834 inutilia
619 769 711 836 valde
724 786 757 834 ct
773 767 975 833 confusionis
991 768 1086 856 plena
1099 765 1311 853 comperiun-

238 893 293 944 tur
301 908 325 941 ι.
337 877 452 942 Mouet
462 891 570 940 autem
580 876 759 963 plusquam
769 898 837 940 uno
847 875 920 939 loco
930 874 1043 939 Sextus
1054 871 1112 961 (ι),
1124 871 1311 959 Scepticum

239 984 374 1048 minime
392 982 623 1071 phaenomena,
642 981 675 1046 id
695 997 760 1064 est,
782 1005 818 1047 ea
834 1004 906 1070 quse
923 996 1079 1070 apparent
1095 978 1313 1065 sensibusque

239 1087 452 1169 objiciuntur,
468 1087 590 1151 tollere.
609 1086 778 1176 Namque,
795 1103 833 1151 ut
849 1087 911 1167 ait,
930 1085 1096 1174 Scepticus
1117 1084 1172 1166 iis,
1190 1082 1315 1176 qujbus

238 1190 522 1282 perphantasiam
541 1191 669 1281 cogitur
689 1191 791 1275 affici,
810 1191 993 1256 assentitur.
1018 1189 1165 1276 Exempli
1189 1187 1314 1278 gratia,

239 1319 342 1385 quum
360 1295 479 1374 calefit,
495 1311 552 1360 aut
564 1295 699 1384 frigefit,
713 1317 920 1384 nequaquam
937 1293 1071 1376 dixerit,
1087 1295 1171 1358 Puto
1183 1315 1234 1356 me
1246 1315 1316 1356 nott

238 1403 390 1490 calefiat,
406 1417 479 1482 aut,
483 1400 647 1490 frigefieri
655 1427 666 1466 :
682 1401 739 1466 sed
755 1401 893 1466 dicimus
906 1401 1090 1489 Scepticum
1107 1397 1226 1488 dogma
1242 1420 1313 1462 non

237 1529 377 1597 ponere,
394 1530 433 1572 eo
450 1529 548 1572 sensu
562 1531 629 1596 quo
644 1506 762 1598 dogma
773 1507 923 1572 nonnulli
940 1529 1009 1572 csse
1023 1507 1130 1588 aium,
1143 1525 1315 1570 assensum

239 1611 281 1678 ad
300 1635 370 1678 rem
390 1613 532 1700 aliquam
553 1611 687 1678 dubiam
705 1629 739 1677 et
759 1611 916 1677 incertam
934 1633 1061 1692 earum,
1080 1608 1259 1698 dequibus
1278 1609 1315 1672 in

238 1718 380 1782 scientiis
402 1719 559 1806 quaeritur
581 1734 615 1782 et
634 1718 819 1805 ambigitur.
845 1717 935 1782 Nulli
959 1717 1047 1780 enim
1067 1716 1115 1780 rei
1130 1713 1262 1778 i'ncertae
1282 1731 1318 1778 et

239 1842 455 1890 controversas
479 1825 653 1890 assentitur
678 1823 909 1912 Pyrrhonius3
934 1822 1050 1910 quaerit
1068 1821 1115 1909 (a)
1145 1836 1255 1886 autem
1283 1837 1318 1884 et

238 1930 375 2019 ambigit
391 1953 458 1992 non
473 1928 515 1992 de
531 1951 567 1992 ea
586 1951 637 2008 re,
657 1952 729 2014 quae
746 1943 896 2015 apparet,
912 1925 970 1991 sed
986 1925 1026 1991 de
1038 1948 1078 1990 eo
1092 1926 1183 2014 quod
1194 1925 1318 1990 dicitur

240 2033 281 2098 de
306 2047 549 2122 reapparente.
577 2032 707 2115 Veluti,
729 2033 971 2122 pbaenomenon
996 2049 1063 2115 est,
1091 2031 1162 2097 Mel
1181 2044 1318 2120 gustum

239 2139 364 2206 dulcem
382 2137 472 2203 noto
484 2139 650 2226 proebere3
669 2137 710 2202 de
727 2137 792 2202 hoc
809 2159 877 2203 non
894 2139 1025 2227 quaerit3
1042 2138 1101 2204 sed
1118 2137 1160 2202 de
1176 2138 1249 2220 illo,
1271 2161 1319 2202 an

241 2243 414 2312 meldulae
433 2246 491 2326 sit,
516 2243 607 2331 quod
625 2241 667 2308 ad
686 2244 845 2308 rationem
862 2261 896 2309 et
914 2244 1158 2334 intelligentiam
1180 2244 1318 2326 attinet,

241 2351 386 2440 ambigit.
421 2347 521 2432 Quod
547 2349 574 2414 si
601 2349 697 2417 etiam
723 2366 834 2439 aperte
860 2350 945 2416 circa
967 2350 1019 2433 id,
1047 2349 1137 2439 quod
1162 2367 1317 2439 apparet,

241 2456 417 2547 aliquando
440 2456 635 2545 questiones
656 2474 782 2539 movet,
802 2479 869 2522 non
889 2458 932 2522 ita
954 2455 989 2522 id
1009 2457 1086 2522 facit
1104 2457 1197 2546 quasi
1212 2479 1317 2545 appa·

241 2565 345 2628 sentia
369 2553 450 2626 ¹velit
477 2577 636 2642 evertere,
667 2561 725 2627 sed
746 2578 784 2628 ut
811 2561 1071 2652 dogmaticorum
1098 2563 1316 2627 temeritatem

242 2683 364 2760 arguat.
381 2669 415 2731 Si
432 2667 520 2732 enim
531 2667 693 2746 ejusmodi
708 2682 786 2732 sunt
797 2668 931 2732 rationis
945 2667 1153 2758 impostura,
1167 2685 1205 2732 ut
1216 2668 1316 2732 etiam

242 2773 428 2864 apparentia
445 2789 573 2836 tantum
597 2795 663 2838 non
689 2773 790 2839 oculis
815 2774 933 2839 nostris
952 2775 1121 2863 surripiat,
1144 2774 1317 2862 quomodo

242 2879 276 2944 in
292 2877 423 2944 incertis
441 2893 622 2966 suspectam
642 2900 712 2944 eam
728 2878 848 2943 habere
868 2901 936 2944 non
953 2878 1145 2962 debeamus,
1163 2901 1222 2960 ne,
1241 2901 1316 2944 eam

243 2999 432 3074 sequentes,
450 2983 484 3047 in
502 2983 716 3048 temeritatem
732 2984 901 3050 labamur?
914 2985 972 3050 Est
986 3001 1095 3050 autem
1109 2983 1317 3050 animadver-

243 3091 334 3156 sione
355 3107 387 3154 et
407 3089 618 3155 annotatione
640 3089 828 3181 dignissima
848 3091 1028 3157 admonitio
1051 3093 1136 3174 haec,
1160 3113 1228 3156 non
1253 3115 1317 3180 pro

244 3197 421 3285 Pyrrhonis
436 3196 553 3280 modo,
570 3196 628 3261 sed
642 3198 760 3285 potiori
772 3199 868 3262 etiam
883 3199 1007 3263 ratione
1023 3221 1083 3286 pro
1101 3195 1316 3263 Academicis.

243 3303 352 3368 «Nam
373 3319 406 3366 et
424 3301 623 3368 Academicis
641 3303 761 3391 placuit
786 3303 853 3390 (ait
874 3306 914 3370 D.
935 3305 1136 3394 Augustinus
1152 3301 1228 3392 (3))
1253 3327 1317 3370 nec

242 3407 370 3472 homini
382 3407 548 3471 scientiam
560 3431 655 3497 posse
671 3409 861 3498 contingere
877 3432 989 3474 earum
1003 3409 1170 3474 dumtaxat
1183 3432 1315 3492 rerum,

243 3529 315 3600 quta
344 3510 385 3576 ad
415 3511 654 3602 philosophiam
683 3514 865 3602 pertinent;
898 3539 973 3582 nam
1003 3533 1108 3582 cetera
1137 3539 1253 3583 curare
1280 3541 1315 3584 se

245 3615 425 3683 Carneades
443 3617 600 3706 negabat,
620 3637 681 3685 etc.
694 3650 707 3676 »

279 3881 320 3950 (t)
338 3885 473 3952 Hypotyp.
485 3884 528 3934 lib.
544 3887 572 3947 1,
585 3901 642 3951 etp.
654 3904 678 3950 7,
691 3899 750 3938 teet.
765 3890 795 3939 ιδ
804 3925 812 3953 ,
826 3905 882 3956 pag.
897 3900 923 3948 t.

277 3968 316 4037 (a)
333 3974 433 4032 sutus,
446 3975 581 4040 Hypotyp.
593 3973 639 4022 lib.
651 3977 680 4036 1,
698 3993 752 4042 cap.
765 3991 809 4036 ιο,
821 3988 880 4027 sect.
892 3993 923 4042 ¹9
935 3991 960 4028 ct
974 3993 1023 4042 ao,
1041 3996 1097 4047 pag.
1108 3981 1132 4030 6.

278 4057 316 4123 (3)
335 4059 460 4110 Adversus
470 4061 549 4111 Actd.
562 4061 606 4112 lib.
619 4061 660 4122 11,
680 4079 733 4129 cap.
744 4060 775 4125 5,
788 4065 805 4130 S
818 4083 858 4128 ιι,
867 4077 928 4116 tona.
938 4069 957 4117 l.
