2776 4688
249 381 268 422 s
481 349 534 421 tu
550 347 789 420 CICERONIS
817 347 1077 416 ACADEMICA

246 473 435 562 deprompta
444 468 601 535 enarratio
614 492 622 534 ι
635 468 691 533 sed
704 469 789 532 hanc
804 467 894 558 quasi
909 467 942 530 in
958 467 1149 556 prooemium
1162 465 1306 530 additam

246 599 332 660 csse,
346 577 396 639 vel
410 598 448 639 cx
459 597 499 638 eo
509 585 612 662 patet,
629 571 719 660 quod
734 571 830 636 simul
842 571 937 634 etiam
951 570 1089 634 Zenonis
1100 570 1309 659 philosophia

246 683 380 750 strictim
397 681 586 771 exponitur5
601 678 645 743 ita
658 679 745 742 enim
762 678 907 742 facillime
923 675 1027 743 aditus
1038 677 1072 740 in
1089 698 1205 742 noram
1220 678 1309 742 Aca-

246 789 384 854 demiam
401 788 503 875 ipsam
521 783 732 874 aperiebatur.
755 783 830 848 Non
847 781 945 871 igitur
961 780 1064 846 redire
1080 781 1252 846 Emestius·
1262 781 1309 846 ad

245 896 405 984 vulgatam
425 889 579 970 debebat,
603 889 698 952 Petro
721 887 845 968 Fabro,
867 889 901 949 in
924 887 1163 951 Commentario
1184 885 1222 950 ad
1242 886 1309 952 hos

244 1003 362 1084 libros,
383 999 449 1078 jam
472 996 608 1060 rectiora
632 994 787 1078 docente,
807 994 1000 1082 Darisioque
1020 1015 1094 1057 vere
1115 992 1161 1057 sic
1177 991 1308 1059 edente.

243 1107 355 1170 Ortam
373 1124 441 1168 esse
458 1094 675 1188 inscriptionis
691 1098 860 1163 falsitatem
877 1119 916 1162 ex
936 1095 1189 1162 Tusculanarum
1207 1094 1309 1182 Quoe-

241 1216 395 1292 suenum,
416 1219 454 1271 ut
477 1205 575 1294 vulgo
599 1205 839 1286 nordhanton,
863 1201 1092 1283 similitudino,
1116 1202 1166 1266 rel
1187 1201 1309 1268 exinde

240 1317 316 1381 satis
330 1313 452 1379 clarum
464 1309 602 1392 videtur,
617 1307 707 1397 quod
719 1309 786 1391 jam
801 1309 922 1374 Plinius
937 1309 1018 1372 Hist.
1032 1307 1105 1372 Nat.
1119 1307 1248 1389 XXXl,
1269 1330 1307 1389 2,

240 1419 320 1486 huic
332 1419 408 1486 satis
421 1439 527 1482 crasso
540 1416 640 1480 errori
657 1415 849 1496 indulserat,
866 1430 904 1479 ut
915 1436 1035 1478 nomen
1046 1411 1309 1476 Academicorum

239 1527 278 1591 iis
301 1547 340 1590 ex
361 1523 425 1588 hoc
442 1533 554 1586 natum
577 1517 715 1600 diceret,
740 1517 829 1608 qnod
851 1520 886 1582 in
909 1519 1002 1601 silla,
1024 1517 1199 1584 Academia
1219 1515 1307 1583 dicta

240 1632 293 1721 (si
317 1628 494 1719 quidquam
520 1628 586 1692 reri
610 1627 660 1690 his
686 1627 787 1708 inest,
813 1647 880 1689 non
903 1625 993 1706 villa,
1021 1623 1077 1688 sed
1100 1624 1308 1712 gymnasium

239 1753 322 1818 erat,
341 1736 434 1825 quale
453 1732 648 1824 cognomine
667 1733 781 1798 Cicero
802 1731 897 1796 etiam
918 1731 950 1794 in
967 1729 1151 1794 Tusculano
1170 1750 1230 1793 suo
1247 1729 1310 1794 ha-

239 1843 374 1930 bebat),
389 1840 479 1905 «haec
491 1837 636 1921 ejusdem
648 1839 789 1904 nominis
802 1837 966 1902 volumina
978 1837 1198 1925 composuerit
1208 1869 1231 1902 ·.
1241 1835 1309 1902 Sed

208 1932 213 1942 ¹
242 1970 308 2036 quo
333 1943 467 2010 demum
489 1967 527 2008 cx
551 1944 642 2008 fonte
663 1945 778 2009 vitium
802 1942 883 2008 illud
903 1959 1012 2014 ortum
1036 1965 1133 2006 suunt
1158 1941 1309 2024 traxerit,

242 2051 326 2116 nihil
340 2046 468 2113 ridetur
483 2047 601 2111 ¹certius
618 2069 704 2128 esse,
719 2070 816 2136 quam
830 2048 911 2129 hoc,
930 2045 1121 2112 Ciceronem
1132 2045 1193 2110 hos
1206 2044 1310 2111 libros

240 2155 436 2222 Academica
451 2152 657 2240 inscripsisse.

287 2261 331 2324 11.
362 2257 553 2350 Impeditior
571 2258 705 2348 quaestio
730 2280 783 2339 ea,
810 2255 851 2323 de
873 2257 993 2346 duplici
1022 2255 1210 2322 eorumdem
1238 2255 1311 2322 edi-

247 2367 353 2448 tione,
366 2363 503 2445 ridetur,
515 2362 635 2453 quippe
646 2363 679 2427 in
695 2386 757 2452 qua
772 2363 830 2428 riri
844 2363 932 2428 docti
948 2362 1035 2427 haud
1051 2387 1165 2454 parum
1176 2363 1261 2426 inter
1274 2385 1312 2427 se

246 2470 444 2538 dissentiant.
461 2469 529 2533 Nos
539 2469 605 2548 jam
619 2468 768 2557 quidem,
784 2469 873 2560 quod
887 2471 976 2534 brevi
989 2471 1080 2551 licet,
1095 2468 1261 2535 rideamus
1277 2483 1313 2533 et

250 2575 461 2666 experiamur,
475 2596 559 2637 anne
574 2596 625 2638 res
639 2573 689 2641 illa
704 2572 809 2638 dirimi
823 2573 1065 2663 quodammodo
1076 2572 1313 2661 dijudicarique

248 2681 369 2773 possit:
386 2679 474 2744 haud
488 2680 576 2744 enim
594 2703 727 2772 parvum
741 2681 817 2758 inde¹
834 2699 1036 2747 momentum
1052 2681 1093 2746 ad
1109 2681 1226 2746 certius
1242 2680 1313 2768 ple-¹

244 2783 388 2876 'nisuque
397 2784 574 2868 judicium,
588 2784 628 2851 de
637 2787 756 2852 horum
767 2787 922 2853 librorum
936 2775 1049 2852 natura
1059 2804 1091 2852 et
1100 2785 1314 2876 dispositione

250 2890 438 2971 ferendum,
454 2889 688 2972 addiderimus;
706 2891 795 2980 quod
814 2916 902 2957 nunc
917 2893 1049 2957 sancita
1062 2899 1205 2982 ¹vagatur,
1221 2907 1258 2954 ut
1272 2913 1314 2955 ex

248 2998 302 3078 iis,
317 3019 388 3082 quae
401 2993 441 3058 ad
454 2995 543 3058 hune
556 2993 642 3058 diem
654 2996 715 3061 hac
728 2996 769 3060 de
783 3022 818 3062 re
831 2997 992 3087 disputata
1003 3014 1097 3079 sunt,
1113 3020 1154 3061 ne
1167 2997 1312 3085 speciosa

248 3100 379 3191 quidem
394 3101 577 3182 conjectura
591 3098 746 3189 dispicere
760 3101 864 3186 detur,
878 3125 942 3191 qua
954 3103 1079 3166 ratione
1092 3117 1124 3166 et
1135 3102 1184 3164 ria
1198 3117 1315 3164 auctor

248 3209 282 3270 in
306 3207 463 3272 universae
486 3206 532 3270 rei
555 3205 769 3299 descriptione
792 3224 936 3273 versatus
964 3209 1015 3274 sit.
1041 3204 1241 3295 Responderi
1265 3206 1315 3271 sic

251 3333 383 3402 qnoque
396 3310 517 3374 facilius
529 3309 571 3374 ad
584 3312 817 3400 suspicionem,
831 3315 978 3377 nondum
992 3313 1163 3398 hucusque
1174 3327 1313 3391 motam,

252 3414 309 3480 sed
322 3437 397 3480 sane
409 3413 618 3496 movendam,
629 3417 763 3504 poterit:
776 3417 888 3481 «aliam
900 3414 1089 3504 quamdam,
1102 3431 1135 3480 et
1147 3437 1199 3498 ea,
1213 3437 1313 3503 quam

251 3542 316 3608 prae
342 3542 375 3582 se
399 3517 476 3598 fert,
505 3519 663 3605 potiorem
690 3521 847 3585 rationem
872 3523 1020 3586 Ciceroni
1043 3521 1077 3584 in
1105 3517 1313 3612 diffingendis

252 3622 518 3689 Academicorum
544 3623 689 3710 priorum
716 3625 801 3690 binis
828 3627 918 3692 libris
944 3627 1144 3690 obversatam
1172 3625 1313 3708 fuisse»;

252 3749 354 3816 quum
375 3727 435 3790 ista
452 3725 519 3815 ipsa
535 3726 568 3788 in
588 3745 728 3815 quatuor
743 3727 842 3794 libros
861 3731 949 3819 quasi
972 3729 1122 3794 dissectio
1141 3729 1214 3792 satis
1230 3731 1315 3793 clare

250 3831 388 3921 prodere
397 3829 554 3914 rideatur,
564 3831 668 3920 ipsum
680 3833 741 3897 sibi
750 3835 783 3897 in
793 3835 945 3899 binorum
958 3834 1086 3899 illorum
1099 3833 1315 3922 descriptione

250 3937 468 4027 displicuisse,
487 3959 656 4025 quumque
674 3937 789 4004 iisdem
808 3939 972 4028 personis,
996 3938 1128 4022 Catulo,
1156 3939 1312 4020 Lucullo,

248 4043 441 4124 Hortensio,
459 4043 527 4131 ipse
547 4042 612 4122 jam
633 4043 710 4106 olim
728 4045 762 4108 in
781 4045 973 4126 Hortensio,
993 4045 1092 4125 libro,
1114 4067 1192 4110 usus
1211 4061 1312 4124 esset,
