2786 4674
533 340 724 409 TIMAEUS.
1080 342 1146 414 631

80 461 224 520 berrima
234 471 293 518 est:
311 458 443 537 proxime
457 457 579 517 adhunc
592 458 703 518 accedit
718 461 812 520 rectio
825 460 932 532 facilis,
946 462 1006 520 sive
1015 464 1092 536 navi,
1102 484 1152 522 seu

80 553 199 631 quovis
215 552 273 610 alio
288 549 425 610 vehiculo
446 562 609 630 peragatur.
624 551 722 612 Tertia
737 552 937 612 commotionis
954 554 1065 634 species
1086 567 1153 612 tunc

80 643 229 714 demum,
243 660 334 720 quum
346 661 458 700 summa
473 641 550 721 cogit
561 643 732 726 necessitas,
757 644 849 718 utilis,
872 645 955 703 aliter
975 665 1049 704 vero
1071 648 1152 705 nullo

83 735 184 796 modo
197 752 274 793 sanae
290 733 393 792 mentis
412 733 521 798 bomini
539 735 741 815 suscipienda:
763 737 939 796 medicorum
955 738 1003 796 illa
1017 739 1152 817 purgatio

82 839 156 900 est,
171 847 237 904 quaa
255 826 431 904 pharmacis,
454 826 486 885 id
504 839 561 899 est,
574 828 704 887 solutivis
724 826 858 901 medelis,
875 829 938 888 fieri
951 830 1040 890 solet:
1057 830 1153 890 morbi
1211 851 1215 858 ·

84 918 172 978 enim
186 917 243 977 nisi
254 917 487 996 periculosissimi
500 919 570 994 sint,
581 919 743 998 pharmacis
754 919 886 990 irritandi
896 940 955 979 non
967 933 1046 979 suut:
1060 921 1153 980 omnis

84 1029 221 1088 umque
244 1007 413 1068 morborum
433 1009 599 1068 constitutio
621 1011 784 1070 animalium
809 1024 918 1070 naturae
939 1009 1153 1089 quodammodo

84 1103 194 1163 similis
210 1115 272 1162 est:
289 1122 357 1164 sane
371 1101 538 1162 animalium
552 1102 723 1181 compositio
737 1102 774 1162 ab
788 1103 852 1182 ipso
862 1103 1053 1182 generationis
1064 1121 1152 1160 exor-

85 1195 144 1256 dio
154 1196 242 1256 oertis
255 1207 418 1273 temporum
429 1195 579 1254 curriculis
591 1195 774 1254 terminatur:
791 1195 879 1272 idque
893 1208 921 1254 et
936 1215 1026 1274 genus
1038 1195 1152 1253 univer·

84 1307 158 1346 snm
168 1287 287 1366 petitur,
296 1299 326 1346 et
335 1287 439 1346 animai
452 1287 678 1366 unumquodque
689 1286 727 1346 ab
736 1300 803 1346 ortu
814 1289 900 1347 fatale
907 1287 1023 1346 vivendi
1030 1286 1154 1366 spatium

86 1379 123 1438 in
136 1397 168 1438 se
180 1379 258 1458 ipso,
272 1378 399 1458 exceptis
412 1379 579 1438 necessariis
594 1378 788 1457 passionibus,
797 1381 940 1439 eontinet:
950 1379 1056 1438 etenim
1070 1379 1157 1437 trian-

88 1471 156 1550 guii
168 1469 207 1530 ab
221 1470 284 1550 ipso
297 1469 381 1529 initio
394 1469 574 1550 singulorum
588 1471 647 1528 vim
667 1470 858 1549 possidentes,
877 1490 967 1550 usque
988 1469 1025 1528 ad
1045 1482 1155 1528 certum

92 1575 210 1640 tempus
227 1561 405 1620 sufficienter
419 1561 456 1621 ad
471 1581 555 1620 usum
570 1562 637 1620 vitae
657 1561 819 1621 coherent:
834 1563 909 1622 nitra
922 1562 952 1620 id
969 1562 1029 1620 rite
1047 1562 1155 1619 nemini

90 1667 284 1732 prorogatur:
295 1651 496 1732 idemquoque
510 1653 722 1713 constitutionis
735 1653 837 1713 modus
851 1651 1038 1733 languoribus
1050 1671 1155 1710 conve-

90 1745 154 1818 nit,
171 1744 282 1824 quossi
293 1745 359 1822 quis
377 1745 450 1804 citra
466 1745 581 1803 fatalem
594 1746 732 1823 temporis
745 1765 860 1804 cursum
877 1742 1038 1823 pharmacis
1051 1761 1155 1820 ampu-

92 1851 158 1896 tare
171 1835 365 1908 contenderit,
377 1855 413 1896 ex
426 1837 525 1915 parvis
536 1836 678 1913 ingentes,
691 1855 727 1895 ex
740 1837 839 1915 puuois
852 1835 935 1894 multi
947 1833 1069 1892 evadere
1080 1852 1154 1892 con-

90 1941 269 1989 sueverunt:
283 1941 463 2007 quapropter
478 1926 625 2006 diligentia
642 1929 736 1987 vietus
752 1927 915 2006 corrigendi
930 1940 960 1985 et
976 1924 1157 2004 gubernandi

90 2033 164 2080 sunt
176 2018 288 2090 morbi,
300 2033 388 2100 prout
394 2020 505 2102 'cuique
517 2019 605 2078 datur
616 2021 723 2080 ouum:
733 2039 826 2097 neque
837 2019 955 2078 difficile
964 2017 1157 2095 infestumque

91 2111 202 2170 malum
224 2109 386 2189 pharmacis
406 2109 621 2189 instigandum:
647 2131 681 2170 ae
696 2111 733 2170 de
750 2111 896 2170 communi
909 2108 1026 2188 quidem
1040 2110 1157 2167 animali

94 2216 125 2261 et
145 2215 230 2282 parte
247 2203 325 2265 illius
341 2223 499 2281 corporea,
522 2223 579 2281 qua
600 2203 748 2282 diligentia
770 2201 895 2282 regenda
920 2216 949 2261 et
969 2201 1159 2280 gubernanda

92 2293 167 2366 sint,
183 2307 217 2352 ut
229 2294 303 2354 ratio
317 2294 431 2354 vivendi
445 2309 586 2364 servetur,
597 2297 666 2356 satis
680 2298 717 2355 sit
732 2295 841 2356 dictum
853 2298 966 2374 :ipsum
978 2315 1065 2368 vero,
1079 2294 1159 2374 quod

90 2382 323 2463 gubernaturum
336 2399 396 2455 est,
412 2388 504 2444 multo
516 2390 605 2466 magis
617 2407 651 2446 ac
666 2390 748 2466 prius
763 2390 804 2448 ita
819 2408 874 2467 pro
888 2388 999 2448 viribus
1010 2389 1158 2447 instruen-

92 2477 166 2536 dum
177 2489 236 2550 est,
246 2490 279 2535 ut
289 2497 375 2556 quam
386 2478 495 2558 optime
509 2491 596 2559 atque
609 2481 801 2559 pulcherrime
814 2481 851 2539 ad
863 2479 1021 2560 regendum
1033 2481 1068 2538 sit
1082 2498 1159 2557 prae-

92 2581 246 2647 paratum:
259 2583 359 2629 exacta
372 2569 489 2648 quidem
503 2571 590 2651 hujus
602 2573 645 2630 rei
658 2573 797 2633 discussio
809 2574 959 2652 propriam
972 2571 1027 2630 sibi
1044 2582 1073 2628 et
1087 2572 1160 2628 inte·

90 2665 176 2738 'gram
199 2661 425 2740 disputationem
441 2663 823 2743 exigeret3quantnn1vero
842 2665 916 2722 forte
936 2663 972 2720 ad
987 2660 1033 2733 id,
1046 2681 1106 2737 quo
1122 2661 1159 2719 de

92 2753 221 2832 agmins,
232 2753 348 2826 attinet,
360 2754 384 2812 si
397 2755 462 2832 quis
476 2774 529 2831 per
542 2757 729 2833 superiorum
739 2755 858 2832 vestigia
870 2752 1027 2829 gradiatur,
1040 2770 1099 2808 non
1110 2751 1160 2811 ab·

91 2845 183 2904 surde
195 2845 236 2905 sic
247 2845 371 2906 maxime
385 2845 570 2925 procedendo
582 2845 619 2904 sd
633 2845 817 2904 commodum
829 2845 950 2902 istorum
961 2843 1045 2900 finem
1056 2861 1161 2920 perve-

92 2938 174 2996 niet:
186 2955 262 3014 saepe
275 2937 305 2995 in
317 2935 517 3015 superioribus
528 2936 654 2998 diximus
668 2951 725 2996 tres
735 2935 907 2995 esseenimse
915 2935 1025 3014 species
1035 2935 1064 2992 in
1075 2932 1161 2992 nobis

93 3027 237 3088 trifariam
259 3028 444 3100 distributas,
470 3031 653 3107 singulasque
671 3047 739 3087 suos
763 3041 859 3086 motus
882 3026 1009 3085 babere:
1029 3026 1069 3084 ita
1092 3039 1161 3084 tunc

93 3119 196 3199 paucis
210 3120 430 3189 concludamus,
445 3139 635 3200 quoecumque
648 3119 764 3180 illarum
778 3131 875 3198 torpet
889 3131 918 3178 et
931 3137 947 3178 a
961 3117 1019 3178 suis
1033 3115 1160 3175 motibus

93 3213 188 3271 otium
201 3211 273 3290 agit,
287 3211 500 3273 imbecillimum
514 3213 675 3274 neeessario
688 3211 787 3284 reddi3
804 3231 869 3289 quae
881 3228 952 3268 vero
967 3209 1024 3288 agit
1035 3207 1159 3279 assidue,

93 3302 338 3365 robustissimam:
355 3317 535 3382 quapropter
556 3303 652 3362 danda
675 3315 718 3362 est
738 3321 843 3381 opera,
866 3313 899 3359 ut
918 3299 1027 3378 speeies
1042 3298 1160 3376 singulae

95 3407 191 3453 motus
205 3413 273 3454 suos
287 3393 363 3454 inter
376 3415 407 3454 se
423 3393 586 3454 moderatos
600 3395 781 3454 convenienti
799 3408 899 3452 tenore
922 3403 1109 3450 conservent:
1124 3390 1161 3448 dc

95 3485 330 3565 prestantissima
352 3487 440 3565 igitur
461 3488 563 3546 animm
584 3502 692 3548 nostrae
713 3485 805 3562 specie
829 3485 869 3543 ita
893 3496 937 3542 est
961 3481 1161 3542 sentiendum:

95 3595 201 3656 nempe
216 3577 292 3637 banc
308 3583 402 3653 Deus,
419 3591 452 3637 ut
469 3578 629 3638 demonem
648 3593 797 3652 nostrum,
817 3577 922 3654 cuique
944 3574 1063 3636 tribuit:
1087 3576 1162 3634 banc

97 3670 126 3728 in
140 3687 251 3728 summa
262 3671 395 3750 corporis
407 3689 473 3730 arce
487 3669 584 3730 sedem
599 3671 707 3730 babere
721 3671 857 3736 dicimus,
876 3681 963 3745 atque
977 3667 1012 3726 ad
1032 3665 1094 3724 caeli
1109 3685 1162 3722 co-

96 3761 298 3852 gnationemla
319 3775 396 3822 terra
419 3782 473 3822 nos
490 3763 606 3834 toliere,
627 3776 772 3840 tamquam
791 3762 925 3820 animalia
943 3758 1048 3819 caelesti
1067 3757 1163 3836 potius

95 3872 183 3930 quam
195 3866 311 3912 terreno
321 3854 429 3914 somine
441 3869 523 3918 nata:
537 3854 617 3932 quod
631 3855 749 3932 quidem
767 3868 845 3913 recte
864 3853 1020 3912 admodum
1037 3849 1143 3907 dicitur
1157 3871 1162 3903 :

97 3943 175 4003 unde
188 3944 265 4003 enim
280 3947 390 4024 primus
404 3949 506 4008 animae
530 3947 613 4006 datus
632 3960 675 4004 est
697 3960 793 4020 ortus,
817 3945 885 4004 inde
905 3944 1001 4003 diviua
1020 3941 1061 3998 vis
1078 3949 1165 4018 caput
