2776 4688
299 373 336 438 n
355 369 593 440 numana
617 369 894 440 acronium.
1081 363 1156 460 25,

75 491 214 558 omnium
231 487 507 577 philosophorum
526 490 661 556 decretis
683 513 778 580 agere
795 505 844 556 est
864 488 1015 556 animus:
1035 486 1132 552 nimis

76 598 106 662 id
118 598 273 684 longum,
291 617 352 659 nec
367 595 544 686 benignum
561 619 643 685 opus
659 597 755 662 foret.
773 598 914 660 Tantum
930 617 1005 660 eum
1025 594 1131 658 rivum

75 705 183 768 cursim
200 701 411 784 sectabimur,
431 702 487 789 qui
505 725 523 766 a
540 702 669 768 Socrate
685 703 720 766 in
735 700 939 767 Academiam
953 699 1132 778 derivatus,

73 809 149 900 rana
174 807 352 872 doctorum
377 808 599 891 successione,
622 807 663 872 ad
690 808 854 873 Ciceronis
877 829 980 895 usque
1006 822 1133 871 oetatem

72 930 280 1003 propagatus,
304 913 435 977 evanuit
460 937 469 979 :
498 915 532 978 ni
557 916 666 980 forsan
694 929 805 1002 postea
831 914 866 976 in
894 913 1076 977 Phanorino
1101 927 1133 976 et

72 1020 280 1084 Chaemnensi
303 1019 478 1084 Plutarcho
503 1020 677 1108 aliquando
700 1042 813 1086 rursus
839 1019 1024 1084 ebullierit:
1048 1033 1134 1083 certe

73 1127 193 1189 nonita
212 1125 348 1190 illustris
364 1141 439 1213 post
454 1127 642 1191 Ciceronem
659 1125 788 1190 fluebat.
811 1125 903 1190 Hanc
919 1125 1005 1189 enim
1026 1145 1134 1213 graeoe

74 1231 259 1296 eruditionis
280 1249 422 1320 partem,
442 1233 511 1298 sine
531 1256 595 1322 qua
612 1233 710 1298 latine
728 1233 879 1321 scriptam
896 1230 1134 1320 philosophiam

73 1336 200 1427 intelligi
216 1359 286 1401 non
302 1360 398 1426 posse
411 1338 514 1404 Utro
528 1338 682 1421 affirmat,
698 1338 737 1403 iis
754 1339 811 1427 qui
823 1321 869 1403 M.
882 1337 979 1402 Tullii
992 1336 1137 1400 Philoso-

73 1443 177 1530 phica,
192 1443 365 1508 ,lawullum
387 1445 421 1509 in
442 1445 575 1534 primis,
593 1446 699 1536 legere
716 1443 959 1535 aggredientur,
979 1465 1134 1532 magnum

74 1548 234 1614 allaturam
264 1573 370 1638 operae
392 1553 533 1638 pretium
559 1552 799 1632 existimamus,
827 1549 1041 1638 pluribusque
1067 1547 1135 1612 aliis

73 1656 275 1743 antiquorum
289 1656 378 1720 libris
394 1655 507 1721 lumen
519 1673 763 1745 porrecturam:
781 1678 883 1743 quum
899 1669 1052 1743 praeterea
1067 1653 1134 1741 ipsa

73 1759 110 1823 de
136 1762 267 1826 criterio
296 1761 453 1849 quaestio,
480 1785 579 1850 quam
612 1761 899 1850 pertractabimus,
928 1760 1012 1823 scitu
1039 1756 1135 1846 digna

74 1887 192 1956 semper
206 1867 308 1932 firmis
321 1866 473 1948 judicata.

241 2031 261 2107 s
279 2027 306 2090 l.
334 2025 480 2090 Platonis
498 2027 604 2118 opinio
617 2027 658 2090 de
666 2024 794 2116 judicio
808 2025 960 2088 vaticani.

114 2159 141 2234 4.
151 2157 257 2246 lgitur
265 2157 501 2246 discipulorum
512 2158 651 2224 Socratis
660 2159 757 2250 longe
768 2155 947 2246 principem
956 2153 1137 2236 Platonem,

73 2261 295 2351 Dogmaticum
317 2261 467 2352 quidam,
485 2263 538 2328 alii
555 2264 837 2353 Aporematicum,
855 2261 920 2326 sive
936 2259 1136 2348 Scepticum,

73 2384 123 2431 aut
136 2384 317 2458 utrumque
334 2387 461 2460 putant.
485 2371 668 2436 Universim
687 2371 775 2435 enim
791 2368 1005 2459 philosophos
1022 2389 1136 2431 omnes

74 2473 103 2536 in
123 2473 189 2540 duo
205 2499 336 2540 summa
357 2499 474 2566 genera
495 2477 701 2566 partiuntur:
721 2477 755 2540 in
775 2476 998 2564 Dogmaticos‚
1016 2472 1136 2552 idest,

74 2581 122 2665 qui
135 2579 263 2645 decreta
280 2580 496 2671 dogmataque
507 2598 632 2670 ponant
644 2599 677 2648 et
689 2599 847 2660 statuant,
860 2596 892 2645 et
903 2581 1139 2669 Apurematicos

74 2685 117 2747 vel
128 2686 298 2774 Scaptium,
316 2685 350 2750 id
366 2703 425 2770 est,
442 2689 499 2776 qui
516 2685 556 2752 de
570 2687 724 2752 omnibus
738 2687 890 2753 dubitent
900 2702 999 2774 atque
1013 2683 1137 2771 disqui-

73 2807 138 2855 rant
152 2807 186 2855 et
201 2789 426 2874 considerent,
444 2792 590 2880 nihilque
607 2791 785 2870 affirment,
803 2791 949 2878 nullique
967 2790 1014 2853 rei
1028 2810 1137 2862 assen-

74 2895 196 2960 tiantur.
212 2897 287 2961 Sive
301 2920 380 2986 ergo
391 2898 601 2987 Dogmaticus
614 2897 716 2979 Plato,
730 2899 807 2980 sive,
822 2895 912 2984 quod
926 2895 959 2958 in
976 2894 1138 2984 plerisque

75 3001 163 3067 luisse
182 2977 330 3085 videth
340 3004 585 3092 Aporematieus
603 3005 645 3068 sit
664 3003 838 3079 dicendus,
864 3003 934 3066 haee
950 2999 992 3064 de
1009 2999 1138 3065 criterio

75 3107 264 3172 existimasse
284 3109 474 3196 perhibetur
500 3109 660 3198 (namque
682 3110 765 3173 nihil
782 3107 936 3196 prohibet
954 3105 1137 3192 Sceptioum

75 3209 194 3278 decreta
202 3213 340 3296 hahere,
353 3215 471 3302 quibus
482 3212 614 3303 quidem
626 3237 692 3278 uon
705 3213 753 3277 uti
762 3211 922 3301 perceptis
934 3209 1137 3290 assentiatur,

75 3317 123 3382 sed
137 3335 176 3382 ut
196 3319 421 3408 probabilibus
437 3336 568 3386 utatur:
585 3341 649 3407 qua
667 3318 819 3384 cautione
837 3315 932 3380 etiam
951 3314 992 3379 de
1010 3315 1139 3379 criterio

75 3425 261 3488 untentiam
276 3425 423 3514 proferre
436 3425 483 3514 (1)
502 3426 548 3490 illi
566 3423 697 3514 licebit).
708 3425 760 3490 Ab
776 3425 919 3488 humana
936 3437 1065 3502 mente,
1082 3444 1140 3486 seu

75 3529 278 3620 intelligentia
292 3529 362 3618 [ὑπὸ
372 3547 414 3596 τοῦ
429 3543 576 3616 ἀνθρωπίνου
591 3533 651 3622 νοῦ]
668 3531 792 3597 ratione
804 3545 917 3594 utente
930 3551 981 3594 res
990 3525 1137 3609 judicari.

76 3633 180 3716 Quum
203 3653 315 3702 autem
340 3661 391 3703 res
417 3639 534 3729 partim
559 3639 620 3704 sub
648 3637 911 3728 intelligentiam,
937 3635 1055 3725 partim
1076 3634 1138 3698 sub

77 3761 200 3805 sensum
213 3741 349 3825 cadant3
365 3745 429 3810 hoc
444 3762 510 3825 est,
524 3768 627 3834 quum
645 3754 678 3809 τὰ
693 3754 835 3826 πράγματα
846 3743 906 3808 alia
922 3750 1011 3815 νοητὰ,
1025 3739 1059 3803 id
1073 3754 1136 3820 est,

77 3846 297 3935 intelligibilia,
324 3851 384 3914 alia
409 3861 531 3932 usust,
549 3851 584 3917 id
605 3867 671 3935 est,
691 3851 833 3932 seruilia,
854 3849 939 3931 sint,
960 3847 1137 3910 humanam

107 4003 282 4070 (tuisianus,
291 4010 322 4060 de
331 4011 427 4077 placitis
436 4013 559 4073 Platonis;
570 4013 692 4062 Plutarch.
698 4011 814 4062 adversus
824 4009 951 4068 Colctcmt
960 4011 994 4058 D.
1004 4003 1135 4068 Auwllfl·

79 4105 156 4144 coum
165 4095 243 4146 dead.
255 4097 300 4147 lib.
311 4100 363 4161 111,
376 4117 431 4166 cap.
442 4117 482 4164 17,
497 4111 556 4150 tom.
564 4103 584 4150 1.
