<?xml version="1.0" encoding="UTF-8"?>
<!DOCTYPE html PUBLIC "-//W3C//DTD XHTML 1.0 Transitional//EN"
    "http://www.w3.org/TR/xhtml1/DTD/xhtml1-transitional.dtd">
<html xmlns="http://www.w3.org/1999/xhtml" xml:lang="en" lang="en">
 <head>
  <title>
</title>
<meta http-equiv="Content-Type" content="text/html;charset=utf-8" />
  <meta name='ocr-system' content='tesseract 3.04.00' />
  <meta name='ocr-capabilities' content='ocr_page ocr_carea ocr_par ocr_line ocrx_word'/>
</head>
<body>
  <div class='ocr_page' id='page_1' title='image "./mtciceronisquae01lemagoog_0193.png"; bbox 0 0 2724 4690; ppageno 0'>
   <div class='ocr_carea' id='block_1_1' title="bbox 250 381 1108 479">
    <p class='ocr_par' dir='ltr' id='par_1_1' title="bbox 250 381 1108 479">
     <span class='ocr_line' id='line_1_1' title="bbox 250 381 1108 479; baseline 0.001 -26"><span class='ocrx_word' id='word_1_1' title='bbox 250 382 501 453; x_wconf 65' lang='lat' dir='ltr'><strong>ternosue.</strong></span> <span class='ocrx_word' id='word_1_2' title='bbox 527 383 581 466; x_wconf 89' lang='lat'><strong>11,</strong></span> <span class='ocrx_word' id='word_1_3' title='bbox 605 381 739 450; x_wconf 78' lang='lat' dir='ltr'><strong>LIBER</strong></span> <span class='ocrx_word' id='word_1_4' title='bbox 764 384 797 465; x_wconf 89' lang='lat'><strong>1,</strong></span> <span class='ocrx_word' id='word_1_5' title='bbox 827 402 880 450; x_wconf 86' lang='lat'><strong>12.</strong></span> <span class='ocrx_word' id='word_1_6' title='bbox 1041 381 1108 479; x_wconf 84' lang='lat'><strong>173</strong></span> 
     </span>
    </p>
   </div>
   <div class='ocr_carea' id='block_1_2' title="bbox 7 501 1160 1378">
    <p class='ocr_par' dir='ltr' id='par_1_2' title="bbox 51 501 1160 1266">
     <span class='ocr_line' id='line_1_2' title="bbox 53 501 1109 593; baseline 0.001 -16"><span class='ocrx_word' id='word_1_7' title='bbox 53 517 153 578; x_wconf 86' lang='lat' dir='ltr'><strong>stos¹¹</strong></span> <span class='ocrx_word' id='word_1_8' title='bbox 181 527 333 593; x_wconf 82' lang='lat' dir='ltr'><strong>sensus,</strong></span> <span class='ocrx_word' id='word_1_9' title='bbox 362 501 562 576; x_wconf 87' lang='lat' dir='ltr'><strong>imbecillos</strong></span> <span class='ocrx_word' id='word_1_10' title='bbox 590 502 752 590; x_wconf 85' lang='lat' dir='ltr'><strong>animos,</strong></span> <span class='ocrx_word' id='word_1_11' title='bbox 780 501 902 575; x_wconf 84' lang='lat' dir='ltr'><strong>brevia</strong></span> <span class='ocrx_word' id='word_1_12' title='bbox 930 505 1109 580; x_wconf 83' lang='lat' dir='ltr'><strong>curricula</strong></span> 
     </span>
     <span class='ocr_line' id='line_1_3' title="bbox 53 609 1108 711; baseline 0.001 -25"><span class='ocrx_word' id='word_1_13' title='bbox 53 615 138 703; x_wconf 74' lang='lat' dir='ltr'><strong>ritae,</strong></span> <span class='ocrx_word' id='word_1_14' title='bbox 150 629 187 688; x_wconf 89' lang='lat' dir='ltr'><strong>et</strong></span> <span class='ocrx_word' id='word_1_15' title='bbox 200 614 264 710; x_wconf 93' lang='lat' dir='ltr'><strong>(ut</strong></span> <span class='ocrx_word' id='word_1_16' title='bbox 274 615 504 690; x_wconf 80' lang='lat' dir='ltr'><strong>Democritus</strong></span> <span class='ocrx_word' id='word_1_17' title='bbox 515 611 569 707; x_wconf 84' lang='lat'><strong>¹²)</strong></span> <span class='ocrx_word' id='word_1_18' title='bbox 582 615 620 684; x_wconf 91' lang='lat' dir='ltr'><strong>in</strong></span> <span class='ocrx_word' id='word_1_19' title='bbox 632 609 817 711; x_wconf 86' lang='lat' dir='ltr'><strong>profundo</strong></span> <span class='ocrx_word' id='word_1_20' title='bbox 832 614 1018 688; x_wconf 80' lang='lat' dir='ltr'><strong>veritatem</strong></span> <span class='ocrx_word' id='word_1_21' title='bbox 1032 640 1108 688; x_wconf 85' lang='lat' dir='ltr'><strong>esse</strong></span> 
     </span>
     <span class='ocr_line' id='line_1_4' title="bbox 52 721 1109 822; baseline 0.002 -26"><span class='ocrx_word' id='word_1_22' title='bbox 52 727 261 812; x_wconf 67' lang='lat' dir='ltr'><strong>demersam</strong></span> <span class='ocrx_word' id='word_1_23' title='bbox 286 722 521 822; x_wconf 78' lang='lat' dir='ltr'>opinionibus</span> <span class='ocrx_word' id='word_1_24' title='bbox 546 738 583 795; x_wconf 89' lang='lat' dir='ltr'><strong>et</strong></span> <span class='ocrx_word' id='word_1_25' title='bbox 604 723 775 795; x_wconf 85' lang='lat' dir='ltr'><strong>institutis</strong></span> <span class='ocrx_word' id='word_1_26' title='bbox 796 721 953 798; x_wconf 78' lang='lat' dir='ltr'><strong>omnia¹³</strong></span> <span class='ocrx_word' id='word_1_27' title='bbox 974 727 1109 816; x_wconf 82' lang='lat' dir='ltr'><strong>teneri,</strong></span> 
     </span>
     <span class='ocr_line' id='line_1_5' title="bbox 53 831 1108 933; baseline 0 -26"><span class='ocrx_word' id='word_1_28' title='bbox 53 837 131 908; x_wconf 87' lang='lat' dir='ltr'><strong>nibil</strong></span> <span class='ocrx_word' id='word_1_29' title='bbox 151 837 294 909; x_wconf 85' lang='lat' dir='ltr'><strong>veritati</strong></span> <span class='ocrx_word' id='word_1_30' title='bbox 309 835 483 933; x_wconf 87' lang='lat' dir='ltr'><strong>relinqui;</strong></span> <span class='ocrx_word' id='word_1_31' title='bbox 502 834 671 932; x_wconf 77' lang='lat' dir='ltr'>deinceps</span> <span class='ocrx_word' id='word_1_32' title='bbox 686 831 850 904; x_wconf 67' lang='lat' dir='ltr'><strong>omniau</strong></span> <span class='ocrx_word' id='word_1_33' title='bbox 863 833 1022 908; x_wconf 88' lang='lat' dir='ltr'><strong>tenebris</strong></span> <span class='ocrx_word' id='word_1_34' title='bbox 1040 840 1108 907; x_wconf 88' lang='lat' dir='ltr'><strong>cir-</strong></span> 
     </span>
     <span class='ocr_line' id='line_1_6' title="bbox 51 941 1160 1044; baseline 0.005 -26"><span class='ocrx_word' id='word_1_35' title='bbox 51 947 206 1020; x_wconf 87' lang='lat' dir='ltr'><strong>cumfusa</strong></span> <span class='ocrx_word' id='word_1_36' title='bbox 234 971 312 1020; x_wconf 86' lang='lat' dir='ltr'><strong>esse</strong></span> <span class='ocrx_word' id='word_1_37' title='bbox 342 945 522 1016; x_wconf 83' lang='lat' dir='ltr'><strong>dixerunt.</strong></span> <span class='ocrx_word' id='word_1_38' title='bbox 558 951 686 1042; x_wconf 85' lang='lat' dir='ltr'><strong>Itaque</strong></span> <span class='ocrx_word' id='word_1_39' title='bbox 712 941 926 1016; x_wconf 84' lang='lat' dir='ltr'><strong>Arcesilas¹⁵</strong></span> <span class='ocrx_word' id='word_1_40' title='bbox 954 945 1160 1044; x_wconf 68' lang='lat' dir='ltr'><strong>negabatis</strong></span> 
     </span>
     <span class='ocr_line' id='line_1_7' title="bbox 52 1053 1108 1156; baseline 0.001 -28"><span class='ocrx_word' id='word_1_41' title='bbox 52 1083 119 1130; x_wconf 87' lang='lat' dir='ltr'><strong>esse</strong></span> <span class='ocrx_word' id='word_1_42' title='bbox 139 1059 361 1156; x_wconf 86' lang='lat' dir='ltr'><strong>quidquam,</strong></span> <span class='ocrx_word' id='word_1_43' title='bbox 383 1053 485 1154; x_wconf 91' lang='lat' dir='ltr'><strong>quod</strong></span> <span class='ocrx_word' id='word_1_44' title='bbox 508 1057 589 1128; x_wconf 84' lang='lat' dir='ltr'><strong>sciri</strong></span> <span class='ocrx_word' id='word_1_45' title='bbox 611 1070 751 1154; x_wconf 88' lang='lat' dir='ltr'><strong>posset,</strong></span> <span class='ocrx_word' id='word_1_46' title='bbox 772 1080 819 1126; x_wconf 84' lang='lat' dir='ltr'><strong>no</strong></span> <span class='ocrx_word' id='word_1_47' title='bbox 840 1055 930 1127; x_wconf 90' lang='lat' dir='ltr'><strong>illud</strong></span> <span class='ocrx_word' id='word_1_48' title='bbox 959 1056 1108 1154; x_wconf 88' lang='lat' dir='ltr'><strong>quidem</strong></span> 
     </span>
     <span class='ocr_line' id='line_1_8' title="bbox 51 1163 1110 1266; baseline 0.005 -31"><span class='ocrx_word' id='word_1_49' title='bbox 51 1171 179 1265; x_wconf 86' lang='lat' dir='ltr'><strong>ipsum,</strong></span> <span class='ocrx_word' id='word_1_50' title='bbox 211 1167 314 1266; x_wconf 90' lang='lat' dir='ltr'><strong>quod</strong></span> <span class='ocrx_word' id='word_1_51' title='bbox 345 1171 507 1239; x_wconf 82' lang='lat' dir='ltr'>Socrates</span> <span class='ocrx_word' id='word_1_52' title='bbox 538 1165 607 1237; x_wconf 91' lang='lat' dir='ltr'><strong>sibi</strong></span> <span class='ocrx_word' id='word_1_53' title='bbox 630 1166 833 1263; x_wconf 85' lang='lat' dir='ltr'><strong>reliquisset</strong></span> <span class='ocrx_word' id='word_1_54' title='bbox 843 1163 883 1236; x_wconf 80' lang='lat'><strong>¹⁶.</strong></span> <span class='ocrx_word' id='word_1_55' title='bbox 911 1171 968 1240; x_wconf 92' lang='lat' dir='ltr'><strong>Sic</strong></span> <span class='ocrx_word' id='word_1_56' title='bbox 988 1169 1110 1240; x_wconf 88' lang='lat' dir='ltr'><strong>omnia</strong></span> 
     </span>
    </p>

    <p class='ocr_par' dir='ltr' id='par_1_3' title="bbox 7 1273 1110 1378">
     <span class='ocr_line' id='line_1_9' title="bbox 7 1273 1110 1378; baseline 0.005 -34"><span class='ocrx_word' id='word_1_57' title='bbox 7 1355 8 1360; x_wconf 64' lang='lat'><strong>,</strong></span> <span class='ocrx_word' id='word_1_58' title='bbox 51 1275 149 1350; x_wconf 83' lang='lat' dir='ltr'><strong>latere</strong></span> <span class='ocrx_word' id='word_1_59' title='bbox 168 1273 342 1351; x_wconf 84' lang='lat' dir='ltr'><strong>censebat</strong></span> <span class='ocrx_word' id='word_1_60' title='bbox 360 1280 399 1348; x_wconf 93' lang='lat' dir='ltr'><strong>in</strong></span> <span class='ocrx_word' id='word_1_61' title='bbox 421 1275 627 1365; x_wconf 73' lang='lat' dir='ltr'><strong>occulto¹73</strong></span> <span class='ocrx_word' id='word_1_62' title='bbox 649 1301 770 1375; x_wconf 85' lang='lat' dir='ltr'><strong>nequo</strong></span> <span class='ocrx_word' id='word_1_63' title='bbox 790 1301 869 1350; x_wconf 85' lang='lat' dir='ltr'><strong>esse</strong></span> <span class='ocrx_word' id='word_1_64' title='bbox 889 1278 1110 1378; x_wconf 82' lang='lat' dir='ltr'><strong>quidquam,</strong></span> 
     </span>
    </p>
   </div>
   <div class='ocr_carea' id='block_1_3' title="bbox 48 1513 1153 4196">
    <p class='ocr_par' dir='ltr' id='par_1_4' title="bbox 48 1513 1153 4196">
     <span class='ocr_line' id='line_1_10' title="bbox 51 1513 1111 1580; baseline 0.003 -16"><span class='ocrx_word' id='word_1_65' title='bbox 51 1517 135 1576; x_wconf 87' lang='lat' dir='ltr'><strong>nititur,</strong></span> <span class='ocrx_word' id='word_1_66' title='bbox 146 1515 244 1567; x_wconf 70' lang='lat' dir='ltr'><strong>Aoadd.</strong></span> <span class='ocrx_word' id='word_1_67' title='bbox 255 1515 348 1578; x_wconf 58' lang='lat' dir='ltr'><strong>iim„</strong></span> <span class='ocrx_word' id='word_1_68' title='bbox 363 1513 478 1575; x_wconf 61' lang='lat' dir='ltr'><strong>tonnae</strong></span> <span class='ocrx_word' id='word_1_69' title='bbox 489 1525 556 1564; x_wconf 87' lang='lat' dir='ltr'><strong>recte</strong></span> <span class='ocrx_word' id='word_1_70' title='bbox 598 1513 666 1580; x_wconf 80' lang='lat' dir='ltr'><strong>quod</strong></span> <span class='ocrx_word' id='word_1_71' title='bbox 680 1516 765 1580; x_wconf 71' lang='lat' dir='ltr'><strong>tngo.</strong></span> <span class='ocrx_word' id='word_1_72' title='bbox 782 1516 838 1566; x_wconf 86' lang='lat' dir='ltr'><strong>cod.</strong></span> <span class='ocrx_word' id='word_1_73' title='bbox 855 1527 880 1566; x_wconf 84' lang='lat' dir='ltr'><strong>et</strong></span> <span class='ocrx_word' id='word_1_74' title='bbox 890 1516 1001 1580; x_wconf 73' lang='lat' dir='ltr'><strong>ignorat,</strong></span> <span class='ocrx_word' id='word_1_75' title='bbox 1012 1527 1111 1567; x_wconf 72' lang='lat' dir='ltr'><strong>eumor-</strong></span> 
     </span>
     <span class='ocr_line' id='line_1_11' title="bbox 52 1594 1153 1661; baseline 0.004 -19"><span class='ocrx_word' id='word_1_76' title='bbox 52 1595 151 1654; x_wconf 87' lang='lat' dir='ltr'><strong>trabitur,</strong></span> <span class='ocrx_word' id='word_1_77' title='bbox 159 1611 236 1660; x_wconf 91' lang='lat' dir='ltr'><strong>quum</strong></span> <span class='ocrx_word' id='word_1_78' title='bbox 243 1595 312 1661; x_wconf 86' lang='lat' dir='ltr'><strong>prius</strong></span> <span class='ocrx_word' id='word_1_79' title='bbox 318 1594 433 1643; x_wconf 79' lang='lat' dir='ltr'><strong>ds&#39;cebant</strong></span> <span class='ocrx_word' id='word_1_80' title='bbox 441 1596 468 1643; x_wconf 92' lang='lat' dir='ltr'><strong>in</strong></span> <span class='ocrx_word' id='word_1_81' title='bbox 476 1595 556 1644; x_wconf 86' lang='lat' dir='ltr'><strong>media</strong></span> <span class='ocrx_word' id='word_1_82' title='bbox 599 1611 647 1660; x_wconf 87' lang='lat' dir='ltr'><strong>qne</strong></span> <span class='ocrx_word' id='word_1_83' title='bbox 659 1597 717 1653; x_wconf 90' lang='lat' dir='ltr'><strong>sim,</strong></span> <span class='ocrx_word' id='word_1_84' title='bbox 729 1606 758 1643; x_wconf 90' lang='lat' dir='ltr'><strong>nt</strong></span> <span class='ocrx_word' id='word_1_85' title='bbox 774 1615 785 1640; x_wconf 86' lang='lat' dir='ltr'><strong>a</strong></span> <span class='ocrx_word' id='word_1_86' title='bbox 798 1595 956 1660; x_wconf 75' lang='lat' dir='ltr'><strong>opinionibus</strong></span> <span class='ocrx_word' id='word_1_87' title='bbox 968 1596 1047 1645; x_wconf 86' lang='lat' dir='ltr'><strong>insitis</strong></span> <span class='ocrx_word' id='word_1_88' title='bbox 1056 1619 1082 1658; x_wconf 74' lang='grc' dir='ltr'><strong>ι,</strong></span> <span class='ocrx_word' id='word_1_89' title='bbox 1093 1598 1111 1653; x_wconf 85' lang='grc' dir='ltr'><strong>ἰ,</strong></span> <span class='ocrx_word' id='word_1_90' title='bbox 1152 1607 1153 1612; x_wconf 78' lang='grc'>’</span> 
     </span>
     <span class='ocr_line' id='line_1_12' title="bbox 51 1673 1112 1740; baseline 0.001 -18"><span class='ocrx_word' id='word_1_91' title='bbox 51 1675 207 1724; x_wconf 77' lang='lat' dir='ltr'><strong>enuntiatione</strong></span> <span class='ocrx_word' id='word_1_92' title='bbox 230 1685 359 1739; x_wconf 82' lang='lat' dir='ltr'><strong>ponatur,</strong></span> <span class='ocrx_word' id='word_1_93' title='bbox 382 1675 503 1740; x_wconf 72' lang='lat' dir='ltr'><strong>posterius</strong></span> <span class='ocrx_word' id='word_1_94' title='bbox 528 1675 556 1723; x_wconf 90' lang='lat' dir='ltr'><strong>ln</strong></span> <span class='ocrx_word' id='word_1_95' title='bbox 599 1689 621 1723; x_wconf 91' lang='lat' dir='ltr'><strong>e.</strong></span> <span class='ocrx_word' id='word_1_96' title='bbox 639 1673 792 1736; x_wconf 74' lang='lat' dir='ltr'><strong>inveteratis,</strong></span> <span class='ocrx_word' id='word_1_97' title='bbox 809 1674 910 1738; x_wconf 74' lang='lat' dir='ltr'><strong>legetur.</strong></span> <span class='ocrx_word' id='word_1_98' title='bbox 925 1675 965 1725; x_wconf 82' lang='lat' dir='ltr'><strong>Cf.</strong></span> <span class='ocrx_word' id='word_1_99' title='bbox 984 1687 1047 1725; x_wconf 85' lang='lat' dir='ltr'><strong>oret.</strong></span> <span class='ocrx_word' id='word_1_100' title='bbox 1062 1677 1112 1737; x_wconf 69' lang='lat' dir='ltr'><strong>st,</strong></span> 
     </span>
     <span class='ocr_line' id='line_1_13' title="bbox 51 1753 1112 1820; baseline 0.005 -20"><span class='ocrx_word' id='word_1_101' title='bbox 51 1754 165 1815; x_wconf 68' lang='lat' dir='ltr'><strong>clausulas</strong></span> <span class='ocrx_word' id='word_1_102' title='bbox 187 1765 320 1819; x_wconf 77' lang='lat' dir='ltr'><strong>utrumqne</strong></span> <span class='ocrx_word' id='word_1_103' title='bbox 343 1755 443 1820; x_wconf 85' lang='lat' dir='ltr'><strong>insuper</strong></span> <span class='ocrx_word' id='word_1_104' title='bbox 464 1755 555 1804; x_wconf 89' lang='lat' dir='ltr'><strong>distin·</strong></span> <span class='ocrx_word' id='word_1_105' title='bbox 599 1767 648 1816; x_wconf 82' lang='lat'><strong>97:</strong></span> <span class='ocrx_word' id='word_1_106' title='bbox 662 1775 676 1796; x_wconf 74' lang='grc' dir='ltr'>ι</span> <span class='ocrx_word' id='word_1_107' title='bbox 685 1753 769 1802; x_wconf 85' lang='lat' dir='ltr'><strong>inserit</strong></span> <span class='ocrx_word' id='word_1_108' title='bbox 782 1770 859 1802; x_wconf 87' lang='lat' dir='ltr'><strong>noras</strong></span> <span class='ocrx_word' id='word_1_109' title='bbox 872 1755 1014 1818; x_wconf 79' lang='lat' dir='ltr'><strong>opiniones,</strong></span> <span class='ocrx_word' id='word_1_110' title='bbox 1029 1755 1112 1805; x_wconf 86' lang='lat' dir='ltr'><strong>evellit</strong></span> 
     </span>
     <span class='ocr_line' id='line_1_14' title="bbox 51 1832 1111 1906; baseline 0.002 -26"><span class='ocrx_word' id='word_1_111' title='bbox 51 1833 122 1881; x_wconf 88' lang='lat' dir='ltr'><strong>ctione</strong></span> <span class='ocrx_word' id='word_1_112' title='bbox 134 1835 226 1894; x_wconf 76' lang='lat' dir='ltr'><strong>maiore</strong></span> <span class='ocrx_word' id='word_1_113' title='bbox 239 1832 416 1897; x_wconf 79' lang='lat' dir='ltr'><strong>sejungendum</strong></span> <span class='ocrx_word' id='word_1_114' title='bbox 427 1834 467 1882; x_wconf 89' lang='lat' dir='ltr'><strong>sit.</strong></span> <span class='ocrx_word' id='word_1_115' title='bbox 481 1835 513 1882; x_wconf 83' lang='lat' dir='ltr'><strong>G.</strong></span> <span class='ocrx_word' id='word_1_116' title='bbox 598 1833 695 1893; x_wconf 85' lang='lat' dir='ltr'><strong>insitas,</strong></span> <span class='ocrx_word' id='word_1_117' title='bbox 706 1842 752 1882; x_wconf 90' lang='lat' dir='ltr'><strong>etc.</strong></span> <span class='ocrx_word' id='word_1_118' title='bbox 762 1855 775 1876; x_wconf 74' lang='grc' dir='ltr'><strong><em>ι</em></strong></span> <span class='ocrx_word' id='word_1_119' title='bbox 787 1833 835 1882; x_wconf 77' lang='lat' dir='ltr'><strong>Sed</strong></span> <span class='ocrx_word' id='word_1_120' title='bbox 845 1849 877 1881; x_wconf 91' lang='lat' dir='ltr'><strong>ne</strong></span> <span class='ocrx_word' id='word_1_121' title='bbox 890 1833 929 1880; x_wconf 83' lang='lat' dir='ltr'><strong>rel</strong></span> <span class='ocrx_word' id='word_1_122' title='bbox 942 1833 1061 1906; x_wconf 71' lang='lat' dir='ltr'><strong>subdole,</strong></span> <span class='ocrx_word' id='word_1_123' title='bbox 1072 1834 1111 1882; x_wconf 82' lang='lat' dir='ltr'><strong>vel</strong></span> 
     </span>
     <span class='ocr_line' id='line_1_15' title="bbox 85 1897 1112 1978; baseline 0.002 -19"><span class='ocrx_word' id='word_1_124' title='bbox 85 1927 122 1961; x_wconf 88' lang='lat' dir='ltr'><strong>rr.</strong></span> <span class='ocrx_word' id='word_1_125' title='bbox 138 1915 274 1978; x_wconf 77' lang='lat' dir='ltr'><strong>Angustos.</strong></span> <span class='ocrx_word' id='word_1_126' title='bbox 293 1911 384 1960; x_wconf 73' lang='lat' dir='ltr'><strong>Arctos</strong></span> <span class='ocrx_word' id='word_1_127' title='bbox 401 1897 453 1960; x_wconf 63' lang='lat' dir='ltr'><strong>ess&#39;e</strong></span> <span class='ocrx_word' id='word_1_128' title='bbox 470 1922 496 1961; x_wconf 91' lang='lat' dir='ltr'><strong>et</strong></span> <span class='ocrx_word' id='word_1_129' title='bbox 510 1912 556 1960; x_wconf 91' lang='lat' dir='ltr'><strong>mi·</strong></span> <span class='ocrx_word' id='word_1_130' title='bbox 598 1911 697 1971; x_wconf 87' lang='lat' dir='ltr'><strong>inscite,</strong></span> <span class='ocrx_word' id='word_1_131' title='bbox 703 1913 812 1974; x_wconf 85' lang='lat' dir='ltr'><strong>judicare</strong></span> <span class='ocrx_word' id='word_1_132' title='bbox 820 1913 950 1970; x_wconf 85' lang='lat' dir='ltr'><strong>videamur,</strong></span> <span class='ocrx_word' id='word_1_133' title='bbox 959 1912 1020 1962; x_wconf 84' lang='lat' dir='ltr'><strong>dicit</strong></span> <span class='ocrx_word' id='word_1_134' title='bbox 1027 1923 1112 1962; x_wconf 87' lang='lat' dir='ltr'><strong>auctor</strong></span> 
     </span>
     <span class='ocr_line' id='line_1_16' title="bbox 51 1991 1111 2058; baseline 0.006 -22"><span class='ocrx_word' id='word_1_135' title='bbox 51 1999 117 2038; x_wconf 86' lang='lat' dir='ltr'><strong>notos</strong></span> <span class='ocrx_word' id='word_1_136' title='bbox 128 2007 225 2050; x_wconf 71' lang='lat' dir='ltr'><strong>meus,</strong></span> <span class='ocrx_word' id='word_1_137' title='bbox 236 2001 265 2039; x_wconf 78' lang='lat' dir='ltr'><strong>ut</strong></span> <span class='ocrx_word' id='word_1_138' title='bbox 275 2001 369 2038; x_wconf 80' lang='lat' dir='ltr'><strong>nutem</strong></span> <span class='ocrx_word' id='word_1_139' title='bbox 378 2006 458 2040; x_wconf 82' lang='lat' dir='ltr'><strong>rosum</strong></span> <span class='ocrx_word' id='word_1_140' title='bbox 467 1991 557 2056; x_wconf 80' lang='lat' dir='ltr'><strong>magul-</strong></span> <span class='ocrx_word' id='word_1_141' title='bbox 598 1994 673 2055; x_wconf 81' lang='lat' dir='ltr'><strong>Legg.</strong></span> <span class='ocrx_word' id='word_1_142' title='bbox 690 2008 735 2052; x_wconf 88' lang='lat' dir='ltr'><strong>ro,</strong></span> <span class='ocrx_word' id='word_1_143' title='bbox 756 2007 790 2056; x_wconf 81' lang='lat'><strong>²9</strong></span> <span class='ocrx_word' id='word_1_144' title='bbox 802 2007 809 2040; x_wconf 93' lang='lat'><strong>:</strong></span> <span class='ocrx_word' id='word_1_145' title='bbox 825 2013 837 2036; x_wconf 75' lang='lat' dir='ltr'><strong>a</strong></span> <span class='ocrx_word' id='word_1_146' title='bbox 849 1993 917 2058; x_wconf 84' lang='lat' dir='ltr'><strong>quod</strong></span> <span class='ocrx_word' id='word_1_147' title='bbox 932 1994 953 2040; x_wconf 92' lang='lat' dir='ltr'><strong>si</strong></span> <span class='ocrx_word' id='word_1_148' title='bbox 970 1992 1111 2058; x_wconf 68' lang='lat' dir='ltr'><strong>depravatio</strong></span> 
     </span>
     <span class='ocr_line' id='line_1_17' title="bbox 52 2069 1113 2138; baseline 0.007 -23"><span class='ocrx_word' id='word_1_149' title='bbox 52 2069 151 2119; x_wconf 86' lang='lat' dir='ltr'><strong>tudinem</strong></span> <span class='ocrx_word' id='word_1_150' title='bbox 165 2087 252 2134; x_wconf 83' lang='lat' dir='ltr'><strong>cepere</strong></span> <span class='ocrx_word' id='word_1_151' title='bbox 264 2072 432 2135; x_wconf 88' lang='lat' dir='ltr'><strong>nonpossint.</strong></span> <span class='ocrx_word' id='word_1_152' title='bbox 446 2071 555 2119; x_wconf 78' lang='lat' dir='ltr'><strong>Asensl-</strong></span> <span class='ocrx_word' id='word_1_153' title='bbox 599 2072 817 2130; x_wconf 78' lang='lat' dir='ltr'><strong>consuetudinum,</strong></span> <span class='ocrx_word' id='word_1_154' title='bbox 831 2073 852 2120; x_wconf 85' lang='lat' dir='ltr'><strong>si</strong></span> <span class='ocrx_word' id='word_1_155' title='bbox 863 2072 1008 2138; x_wconf 86' lang='lat' dir='ltr'><strong>opinionum</strong></span> <span class='ocrx_word' id='word_1_156' title='bbox 1017 2074 1113 2122; x_wconf 83' lang='lat' dir='ltr'><strong>renites</strong></span> 
     </span>
     <span class='ocr_line' id='line_1_18' title="bbox 52 2147 1112 2217; baseline 0.006 -23"><span class='ocrx_word' id='word_1_157' title='bbox 52 2147 92 2197; x_wconf 86' lang='lat' dir='ltr'><strong>bus</strong></span> <span class='ocrx_word' id='word_1_158' title='bbox 103 2161 180 2197; x_wconf 89' lang='lat' dir='ltr'><strong>autem</strong></span> <span class='ocrx_word' id='word_1_159' title='bbox 194 2150 274 2198; x_wconf 85' lang='lat' dir='ltr'><strong>oritur</strong></span> <span class='ocrx_word' id='word_1_160' title='bbox 285 2150 406 2212; x_wconf 74' lang='lat' dir='ltr'><strong>cognitio.</strong></span> <span class='ocrx_word' id='word_1_161' title='bbox 417 2150 503 2198; x_wconf 77' lang='lat' dir='ltr'><strong>Tuas.</strong></span> <span class='ocrx_word' id='word_1_162' title='bbox 599 2166 649 2198; x_wconf 89' lang='lat' dir='ltr'><strong>non</strong></span> <span class='ocrx_word' id='word_1_163' title='bbox 660 2151 848 2200; x_wconf 80' lang='lat' dir='ltr'><strong>imbecillitatem</strong></span> <span class='ocrx_word' id='word_1_164' title='bbox 862 2151 998 2200; x_wconf 87' lang='lat' dir='ltr'><strong>animorum</strong></span> <span class='ocrx_word' id='word_1_165' title='bbox 1010 2161 1112 2217; x_wconf 86' lang='lat' dir='ltr'><strong>torque·</strong></span> 
     </span>
     <span class='ocr_line' id='line_1_19' title="bbox 84 2227 1113 2302; baseline 0.005 -26"><span class='ocrx_word' id='word_1_166' title='bbox 84 2243 121 2278; x_wconf 82' lang='lat' dir='ltr'><strong>tt.</strong></span> <span class='ocrx_word' id='word_1_167' title='bbox 139 2231 172 2276; x_wconf 81' lang='lat' dir='ltr'><strong>tu</strong></span> <span class='ocrx_word' id='word_1_168' title='bbox 192 2227 357 2302; x_wconf 70' lang='lat' dir='ltr'><strong>Democritus.</strong></span> <span class='ocrx_word' id='word_1_169' title='bbox 370 2229 407 2276; x_wconf 89' lang='lat' dir='ltr'><strong>De</strong></span> <span class='ocrx_word' id='word_1_170' title='bbox 427 2227 555 2276; x_wconf 86' lang='lat' dir='ltr'><strong>Democri·</strong></span> <span class='ocrx_word' id='word_1_171' title='bbox 599 2243 636 2280; x_wconf 84' lang='lat' dir='ltr'><strong>ret</strong></span> <span class='ocrx_word' id='word_1_172' title='bbox 650 2243 679 2280; x_wconf 86' lang='lat' dir='ltr'><strong>et</strong></span> <span class='ocrx_word' id='word_1_173' title='bbox 700 2231 821 2292; x_wconf 79' lang='lat' dir='ltr'><strong>flecteret,</strong></span> <span class='ocrx_word' id='word_1_174' title='bbox 838 2247 996 2296; x_wconf 85' lang='lat' dir='ltr'><strong>quocumque</strong></span> <span class='ocrx_word' id='word_1_175' title='bbox 1024 2234 1113 2298; x_wconf 80' lang='lat' dir='ltr'><strong>coepis-</strong></span> 
     </span>
     <span class='ocr_line' id='line_1_20' title="bbox 52 2305 1113 2377; baseline 0.007 -24"><span class='ocrx_word' id='word_1_176' title='bbox 52 2317 89 2367; x_wconf 86' lang='lat' dir='ltr'><strong>to,</strong></span> <span class='ocrx_word' id='word_1_177' title='bbox 110 2323 178 2371; x_wconf 83' lang='lat' dir='ltr'><strong>quem</strong></span> <span class='ocrx_word' id='word_1_178' title='bbox 191 2305 373 2358; x_wconf 80' lang='lat' dir='ltr'><strong>lliilsemenncs</strong></span> <span class='ocrx_word' id='word_1_179' title='bbox 390 2325 442 2357; x_wconf 90' lang='lat' dir='ltr'><strong>uno</strong></span> <span class='ocrx_word' id='word_1_180' title='bbox 459 2318 556 2359; x_wconf 88' lang='lat' dir='ltr'><strong>tantum</strong></span> <span class='ocrx_word' id='word_1_181' title='bbox 599 2321 650 2368; x_wconf 87' lang='lat' dir='ltr'><strong>set,</strong></span> <span class='ocrx_word' id='word_1_182' title='bbox 668 2321 715 2359; x_wconf 86' lang='lat' dir='ltr'><strong>ete.</strong></span> <span class='ocrx_word' id='word_1_183' title='bbox 728 2333 739 2356; x_wconf 78' lang='grc' dir='ltr'>ι</span> <span class='ocrx_word' id='word_1_184' title='bbox 754 2317 835 2377; x_wconf 78' lang='lat' dir='ltr'><strong>Atque</strong></span> <span class='ocrx_word' id='word_1_185' title='bbox 847 2311 905 2360; x_wconf 87' lang='lat' dir='ltr'><strong>iude</strong></span> <span class='ocrx_word' id='word_1_186' title='bbox 916 2311 979 2359; x_wconf 78' lang='lat' dir='ltr'><strong>sorte</strong></span> <span class='ocrx_word' id='word_1_187' title='bbox 988 2310 1113 2377; x_wconf 78' lang='lat' dir='ltr'><strong>opiniones</strong></span> 
     </span>
     <span class='ocr_line' id='line_1_21' title="bbox 50 2387 1113 2455; baseline 0.005 -22"><span class='ocrx_word' id='word_1_188' title='bbox 50 2401 108 2434; x_wconf 83' lang='lat' dir='ltr'><strong>enno</strong></span> <span class='ocrx_word' id='word_1_189' title='bbox 128 2387 227 2436; x_wconf 71' lang='lat' dir='ltr'><strong>fluente</strong></span> <span class='ocrx_word' id='word_1_190' title='bbox 247 2389 365 2448; x_wconf 77' lang='lat' dir='ltr'><strong>majorem</strong></span> <span class='ocrx_word' id='word_1_191' title='bbox 386 2389 460 2450; x_wconf 84' lang='lat' dir='ltr'><strong>lecit,</strong></span> <span class='ocrx_word' id='word_1_192' title='bbox 479 2403 556 2451; x_wconf 86' lang='lat' dir='ltr'><strong>quum</strong></span> <span class='ocrx_word' id='word_1_193' title='bbox 600 2389 1113 2455; x_wconf 79' lang='lat' dir='ltr'><strong>etinstitutatequarstioue‚accenseretu-</strong></span> 
     </span>
     <span class='ocr_line' id='line_1_22' title="bbox 50 2465 1113 2533; baseline 0.005 -21"><span class='ocrx_word' id='word_1_194' title='bbox 50 2465 352 2531; x_wconf 75' lang='lat' dir='ltr'><strong>buiccerteslgintleunis</strong></span> <span class='ocrx_word' id='word_1_195' title='bbox 364 2477 434 2515; x_wconf 80' lang='lat' dir='ltr'><strong>estote</strong></span> <span class='ocrx_word' id='word_1_196' title='bbox 445 2467 556 2532; x_wconf 76' lang='lat' dir='ltr'><strong>preiiret,</strong></span> <span class='ocrx_word' id='word_1_197' title='bbox 600 2468 668 2516; x_wconf 77' lang='lat' dir='ltr'><strong>dirtos</strong></span> <span class='ocrx_word' id='word_1_198' title='bbox 688 2479 712 2516; x_wconf 89' lang='lat' dir='ltr'><strong>et</strong></span> <span class='ocrx_word' id='word_1_199' title='bbox 732 2485 788 2533; x_wconf 83' lang='lat' dir='ltr'><strong>opp.</strong></span> <span class='ocrx_word' id='word_1_200' title='bbox 811 2471 917 2529; x_wconf 79' lang='lat' dir='ltr'><strong>iunctim</strong></span> <span class='ocrx_word' id='word_1_201' title='bbox 933 2469 1014 2533; x_wconf 87' lang='lat' dir='ltr'><strong>posita</strong></span> <span class='ocrx_word' id='word_1_202' title='bbox 1034 2469 1113 2518; x_wconf 83' lang='lat' dir='ltr'><strong>villeri</strong></span> 
     </span>
     <span class='ocr_line' id='line_1_23' title="bbox 50 2535 758 2614; baseline 0.006 -24"><span class='ocrx_word' id='word_1_203' title='bbox 50 2542 135 2593; x_wconf 73' lang='lat' dir='ltr'><strong>dietum</strong></span> <span class='ocrx_word' id='word_1_204' title='bbox 142 2535 289 2610; x_wconf 56' lang='lat' dir='ltr'><strong>illndJregr&#39;t</strong></span> <span class='ocrx_word' id='word_1_205' title='bbox 296 2538 365 2595; x_wconf 68' lang='lat' dir='ltr'><strong>sotto</strong></span> <span class='ocrx_word' id='word_1_206' title='bbox 374 2543 453 2612; x_wconf 75' lang='lat' dir='ltr'><strong>iopes,</strong></span> <span class='ocrx_word' id='word_1_207' title='bbox 464 2543 556 2614; x_wconf 61' lang='lat' dir='ltr'><strong>iubatis</strong></span> <span class='ocrx_word' id='word_1_208' title='bbox 599 2557 711 2610; x_wconf 86' lang='lat' dir='ltr'><strong>possunt.</strong></span> <span class='ocrx_word' id='word_1_209' title='bbox 727 2547 758 2594; x_wconf 87' lang='lat' dir='ltr'><strong>G.</strong></span> 
     </span>
     <span class='ocr_line' id='line_1_24' title="bbox 48 2619 1113 2691; baseline 0.001 -18"><span class='ocrx_word' id='word_1_210' title='bbox 48 2619 91 2690; x_wconf 71' lang='grc' dir='ltr'><strong>γὰρ</strong></span> <span class='ocrx_word' id='word_1_211' title='bbox 103 2623 118 2677; x_wconf 83' lang='lat' dir='ltr'><strong>sl</strong></span> <span class='ocrx_word' id='word_1_212' title='bbox 131 2621 242 2684; x_wconf 63' lang='grc' dir='ltr'><strong>ἀλίριια,</strong></span> <span class='ocrx_word' id='word_1_213' title='bbox 258 2623 351 2672; x_wconf 86' lang='lat' dir='ltr'><strong>nemini</strong></span> <span class='ocrx_word' id='word_1_214' title='bbox 365 2640 416 2674; x_wconf 91' lang='lat' dir='ltr'><strong>non</strong></span> <span class='ocrx_word' id='word_1_215' title='bbox 431 2625 555 2682; x_wconf 70' lang='lat' dir='ltr'><strong>innotuitt</strong></span> <span class='ocrx_word' id='word_1_216' title='bbox 639 2633 679 2682; x_wconf 75' lang='lat' dir='ltr'><strong>tt.</strong></span> <span class='ocrx_word' id='word_1_217' title='bbox 689 2625 808 2691; x_wconf 75' lang='lat' dir='ltr'><strong>Deinceps</strong></span> <span class='ocrx_word' id='word_1_218' title='bbox 820 2624 912 2674; x_wconf 66' lang='lat' dir='ltr'><strong>emese.</strong></span> <span class='ocrx_word' id='word_1_219' title='bbox 924 2627 974 2676; x_wconf 89' lang='lat' dir='ltr'><strong>lnt.</strong></span> <span class='ocrx_word' id='word_1_220' title='bbox 987 2627 1113 2688; x_wconf 67' lang='lat' dir='ltr'><strong>nomia,</strong></span> 
     </span>
     <span class='ocr_line' id='line_1_25' title="bbox 50 2705 1112 2769; baseline 0.003 -18"><span class='ocrx_word' id='word_1_221' title='bbox 50 2705 78 2751; x_wconf 80' lang='lat' dir='ltr'><strong>cl.</strong></span> <span class='ocrx_word' id='word_1_222' title='bbox 89 2706 161 2755; x_wconf 73' lang='lat' dir='ltr'><strong>teau</strong></span> <span class='ocrx_word' id='word_1_223' title='bbox 177 2708 218 2766; x_wconf 89' lang='lat'><strong>11,</strong></span> <span class='ocrx_word' id='word_1_224' title='bbox 233 2719 280 2764; x_wconf 84' lang='lat' dir='ltr'><strong>ro,</strong></span> <span class='ocrx_word' id='word_1_225' title='bbox 291 2705 340 2762; x_wconf 70' lang='lat' dir='ltr'><strong>ba,</strong></span> <span class='ocrx_word' id='word_1_226' title='bbox 354 2707 496 2753; x_wconf 80' lang='lat' dir='ltr'><strong>ethotant.</strong></span> <span class='ocrx_word' id='word_1_227' title='bbox 506 2707 556 2762; x_wconf 82' lang='lat'><strong>111,</strong></span> <span class='ocrx_word' id='word_1_228' title='bbox 600 2705 667 2753; x_wconf 73' lang='lat' dir='ltr'><strong>sicu</strong></span> <span class='ocrx_word' id='word_1_229' title='bbox 682 2705 894 2764; x_wconf 64' lang='lat' dir='ltr'><strong>ordinassetis,</strong></span> <span class='ocrx_word' id='word_1_230' title='bbox 910 2705 979 2754; x_wconf 87' lang='lat' dir='ltr'><strong>nullo</strong></span> <span class='ocrx_word' id='word_1_231' title='bbox 992 2715 1112 2769; x_wconf 83' lang='lat' dir='ltr'><strong>excepto,</strong></span> 
     </span>
     <span class='ocr_line' id='line_1_26' title="bbox 50 2782 1112 2843; baseline -0.001 -12"><span class='ocrx_word' id='word_1_232' title='bbox 50 2785 117 2833; x_wconf 71' lang='lat' dir='ltr'><strong>otu.</strong></span> <span class='ocrx_word' id='word_1_233' title='bbox 132 2789 195 2834; x_wconf 87' lang='lat' dir='ltr'><strong>lust.</strong></span> <span class='ocrx_word' id='word_1_234' title='bbox 215 2786 260 2842; x_wconf 73' lang='lat' dir='ltr'><strong>si,</strong></span> <span class='ocrx_word' id='word_1_235' title='bbox 277 2785 366 2833; x_wconf 71' lang='lat' dir='ltr'><strong>ts-ti.</strong></span> <span class='ocrx_word' id='word_1_236' title='bbox 387 2785 557 2843; x_wconf 82' lang='lat' dir='ltr'><strong>Tennemome,</strong></span> <span class='ocrx_word' id='word_1_237' title='bbox 600 2783 748 2831; x_wconf 71' lang='lat' dir='ltr'><strong>enumeratis</strong></span> <span class='ocrx_word' id='word_1_238' title='bbox 760 2804 782 2832; x_wconf 73' lang='grc' dir='ltr'><strong>ι.</strong></span> <span class='ocrx_word' id='word_1_239' title='bbox 810 2783 884 2832; x_wconf 82' lang='lat' dir='ltr'><strong>Coni.</strong></span> <span class='ocrx_word' id='word_1_240' title='bbox 905 2783 959 2833; x_wconf 83' lang='lat' dir='ltr'><strong>Cic.</strong></span> <span class='ocrx_word' id='word_1_241' title='bbox 980 2785 1051 2831; x_wconf 85' lang='lat' dir='ltr'><strong>Orat·</strong></span> <span class='ocrx_word' id='word_1_242' title='bbox 1069 2782 1112 2831; x_wconf 88' lang='lat' dir='ltr'><strong>lib.</strong></span> 
     </span>
     <span class='ocr_line' id='line_1_27' title="bbox 52 2861 1114 2929; baseline 0.001 -19"><span class='ocrx_word' id='word_1_243' title='bbox 52 2861 122 2911; x_wconf 77' lang='lat' dir='ltr'><strong>Gescb</strong></span> <span class='ocrx_word' id='word_1_244' title='bbox 137 2863 165 2914; x_wconf 78' lang='lat' dir='ltr'><strong>d.</strong></span> <span class='ocrx_word' id='word_1_245' title='bbox 187 2863 279 2914; x_wconf 73' lang='lat' dir='ltr'><strong>Philus.</strong></span> <span class='ocrx_word' id='word_1_246' title='bbox 300 2873 318 2913; x_wconf 89' lang='lat' dir='ltr'><strong>t.</strong></span> <span class='ocrx_word' id='word_1_247' title='bbox 338 2867 366 2923; x_wconf 89' lang='lat' dir='ltr'><strong>l,</strong></span> <span class='ocrx_word' id='word_1_248' title='bbox 384 2881 409 2929; x_wconf 91' lang='lat' dir='ltr'><strong>p.</strong></span> <span class='ocrx_word' id='word_1_249' title='bbox 428 2865 556 2926; x_wconf 71' lang='lat' dir='ltr'><strong>ess-2913</strong></span> <span class='ocrx_word' id='word_1_250' title='bbox 601 2864 626 2921; x_wconf 91' lang='lat'><strong>1,</strong></span> <span class='ocrx_word' id='word_1_251' title='bbox 645 2877 698 2926; x_wconf 84' lang='lat' dir='ltr'><strong>cap.</strong></span> <span class='ocrx_word' id='word_1_252' title='bbox 710 2877 742 2925; x_wconf 83' lang='lat'><strong>9,</strong></span> <span class='ocrx_word' id='word_1_253' title='bbox 755 2863 799 2924; x_wconf 72' lang='lat'><strong>87.</strong></span> <span class='ocrx_word' id='word_1_254' title='bbox 811 2861 880 2911; x_wconf 79' lang='lat' dir='ltr'><strong>Nihil</strong></span> <span class='ocrx_word' id='word_1_255' title='bbox 889 2862 965 2927; x_wconf 77' lang='lat' dir='ltr'><strong>igitur</strong></span> <span class='ocrx_word' id='word_1_256' title='bbox 974 2863 1114 2924; x_wconf 78' lang='lat' dir='ltr'><strong>conjectum</strong></span> 
     </span>
     <span class='ocr_line' id='line_1_28' title="bbox 50 2942 722 3010; baseline 0.001 -23"><span class='ocrx_word' id='word_1_257' title='bbox 50 2943 101 2989; x_wconf 86' lang='lat' dir='ltr'><strong>item</strong></span> <span class='ocrx_word' id='word_1_258' title='bbox 116 2942 146 2991; x_wconf 87' lang='lat' dir='ltr'><strong>de</strong></span> <span class='ocrx_word' id='word_1_259' title='bbox 158 2945 305 3008; x_wconf 70' lang='lat' dir='ltr'><strong>Anaxagora</strong></span> <span class='ocrx_word' id='word_1_260' title='bbox 322 2943 386 2993; x_wconf 83' lang='lat' dir='ltr'><strong>ibid.</strong></span> <span class='ocrx_word' id='word_1_261' title='bbox 404 2944 472 3004; x_wconf 75' lang='lat'><strong>³30,</strong></span> <span class='ocrx_word' id='word_1_262' title='bbox 487 2957 556 3010; x_wconf 87' lang='lat' dir='ltr'><strong>seqq.</strong></span> <span class='ocrx_word' id='word_1_263' title='bbox 602 2957 666 3006; x_wconf 85' lang='lat' dir='ltr'><strong>opus</strong></span> <span class='ocrx_word' id='word_1_264' title='bbox 677 2953 722 2992; x_wconf 88' lang='lat' dir='ltr'><strong>eat.</strong></span> 
     </span>
     <span class='ocr_line' id='line_1_29' title="bbox 50 3020 1115 3088; baseline 0.003 -22"><span class='ocrx_word' id='word_1_265' title='bbox 50 3023 234 3088; x_wconf 83' lang='lat' dir='ltr'><strong>etEmpedocle,</strong></span> <span class='ocrx_word' id='word_1_266' title='bbox 248 3023 557 3087; x_wconf 73' lang='lat' dir='ltr'><strong>streeqq.-cteerotn</strong></span> <span class='ocrx_word' id='word_1_267' title='bbox 640 3021 680 3070; x_wconf 79' lang='lat'><strong>1⁵.</strong></span> <span class='ocrx_word' id='word_1_268' title='bbox 705 3021 829 3070; x_wconf 79' lang='lat' dir='ltr'><strong>Arcesilas</strong></span> <span class='ocrx_word' id='word_1_269' title='bbox 850 3023 966 3086; x_wconf 75' lang='lat' dir='ltr'><strong>negabat.</strong></span> <span class='ocrx_word' id='word_1_270' title='bbox 994 3020 1115 3078; x_wconf 73' lang='lat' dir='ltr'><strong>Arcesilas</strong></span> 
     </span>
     <span class='ocr_line' id='line_1_30' title="bbox 52 3099 1116 3167; baseline -0.001 -18"><span class='ocrx_word' id='word_1_271' title='bbox 52 3100 161 3151; x_wconf 78' lang='lat' dir='ltr'><strong>bouillo:</strong></span> <span class='ocrx_word' id='word_1_272' title='bbox 181 3113 317 3150; x_wconf 79' lang='lat' dir='ltr'><strong>«naturam</strong></span> <span class='ocrx_word' id='word_1_273' title='bbox 331 3117 431 3160; x_wconf 84' lang='lat' dir='ltr'><strong>accusa,</strong></span> <span class='ocrx_word' id='word_1_274' title='bbox 454 3117 509 3167; x_wconf 84' lang='lat' dir='ltr'><strong>qnte</strong></span> <span class='ocrx_word' id='word_1_275' title='bbox 531 3101 558 3150; x_wconf 87' lang='lat' dir='ltr'><strong>in</strong></span> <span class='ocrx_word' id='word_1_276' title='bbox 600 3099 654 3158; x_wconf 86' lang='lat' dir='ltr'><strong>hic,</strong></span> <span class='ocrx_word' id='word_1_277' title='bbox 667 3100 1041 3166; x_wconf 80' lang='lat' dir='ltr'><strong>primusaPletonisdogmatica</strong></span> <span class='ocrx_word' id='word_1_278' title='bbox 1050 3116 1116 3148; x_wconf 83' lang='lat' dir='ltr'><strong>sere·</strong></span> 
     </span>
     <span class='ocr_line' id='line_1_31' title="bbox 51 3177 1115 3244; baseline -0.003 -14"><span class='ocrx_word' id='word_1_279' title='bbox 51 3182 167 3242; x_wconf 75' lang='lat' dir='ltr'><strong>profundo</strong></span> <span class='ocrx_word' id='word_1_280' title='bbox 181 3182 323 3244; x_wconf 82' lang='lat' dir='ltr'><strong>veritatem,</strong></span> <span class='ocrx_word' id='word_1_281' title='bbox 338 3191 366 3229; x_wconf 87' lang='lat' dir='ltr'><strong>nt</strong></span> <span class='ocrx_word' id='word_1_282' title='bbox 381 3179 557 3230; x_wconf 86' lang='lat' dir='ltr'><strong>altDeutoori-</strong></span> <span class='ocrx_word' id='word_1_283' title='bbox 601 3179 673 3227; x_wconf 84' lang='lat' dir='ltr'><strong>ritate</strong></span> <span class='ocrx_word' id='word_1_284' title='bbox 697 3179 805 3229; x_wconf 77' lang='lat' dir='ltr'><strong>recessit.</strong></span> <span class='ocrx_word' id='word_1_285' title='bbox 837 3181 900 3229; x_wconf 83' lang='lat' dir='ltr'><strong>Nam</strong></span> <span class='ocrx_word' id='word_1_286' title='bbox 924 3179 1049 3228; x_wconf 84' lang='lat' dir='ltr'><strong>Diodotus</strong></span> <span class='ocrx_word' id='word_1_287' title='bbox 1073 3177 1115 3227; x_wconf 85' lang='lat' dir='ltr'><strong>ille</strong></span> 
     </span>
     <span class='ocr_line' id='line_1_32' title="bbox 51 3255 1114 3326; baseline 0 -20"><span class='ocrx_word' id='word_1_288' title='bbox 51 3269 101 3320; x_wconf 87' lang='lat' dir='ltr'><strong>tus,</strong></span> <span class='ocrx_word' id='word_1_289' title='bbox 119 3262 217 3326; x_wconf 76' lang='lat' dir='ltr'><strong>peritus</strong></span> <span class='ocrx_word' id='word_1_290' title='bbox 233 3259 406 3309; x_wconf 73' lang='lat' dir='ltr'><strong>abstrnmit».</strong></span> <span class='ocrx_word' id='word_1_291' title='bbox 427 3260 508 3308; x_wconf 83' lang='lat' dir='ltr'><strong>Simile</strong></span> <span class='ocrx_word' id='word_1_292' title='bbox 522 3269 558 3307; x_wconf 87' lang='lat' dir='ltr'><strong>eet</strong></span> <span class='ocrx_word' id='word_1_293' title='bbox 601 3257 697 3308; x_wconf 83' lang='lat' dir='ltr'><strong>Cronus</strong></span> <span class='ocrx_word' id='word_1_294' title='bbox 717 3255 847 3306; x_wconf 86' lang='lat' dir='ltr'><strong>dubitandi</strong></span> <span class='ocrx_word' id='word_1_295' title='bbox 865 3260 955 3307; x_wconf 87' lang='lat' dir='ltr'><strong>semina</strong></span> <span class='ocrx_word' id='word_1_296' title='bbox 973 3259 996 3306; x_wconf 88' lang='lat' dir='ltr'><strong>ei</strong></span> <span class='ocrx_word' id='word_1_297' title='bbox 1011 3257 1114 3306; x_wconf 86' lang='lat' dir='ltr'><strong>instilla·</strong></span> 
     </span>
     <span class='ocr_line' id='line_1_33' title="bbox 52 3335 1116 3403; baseline 0.002 -19"><span class='ocrx_word' id='word_1_298' title='bbox 52 3335 106 3386; x_wconf 87' lang='lat' dir='ltr'><strong>illud</strong></span> <span class='ocrx_word' id='word_1_299' title='bbox 122 3341 239 3399; x_wconf 68' lang='lat' dir='ltr'><strong>senece,</strong></span> <span class='ocrx_word' id='word_1_300' title='bbox 254 3338 393 3402; x_wconf 68' lang='lat' dir='ltr'><strong>movit,</strong></span> <span class='ocrx_word' id='word_1_301' title='bbox 410 3339 442 3387; x_wconf 72' lang='lat' dir='ltr'><strong>St</strong></span> <span class='ocrx_word' id='word_1_302' title='bbox 457 3351 464 3386; x_wconf 74' lang='grc' dir='ltr'><em>τ</em></span> <span class='ocrx_word' id='word_1_303' title='bbox 481 3361 494 3381; x_wconf 71' lang='grc' dir='ltr'>ι</span> <span class='ocrx_word' id='word_1_304' title='bbox 507 3340 558 3387; x_wconf 78' lang='lat' dir='ltr'><strong>Vix</strong></span> <span class='ocrx_word' id='word_1_305' title='bbox 602 3349 681 3398; x_wconf 85' lang='lat' dir='ltr'><strong>verat,</strong></span> <span class='ocrx_word' id='word_1_306' title='bbox 695 3349 720 3386; x_wconf 90' lang='lat' dir='ltr'><strong>et</strong></span> <span class='ocrx_word' id='word_1_307' title='bbox 730 3336 884 3402; x_wconf 87' lang='lat' dir='ltr'><strong>eloquentem</strong></span> <span class='ocrx_word' id='word_1_308' title='bbox 895 3337 1002 3403; x_wconf 74' lang='lat' dir='ltr'><strong>lingnam</strong></span> <span class='ocrx_word' id='word_1_309' title='bbox 1012 3339 1035 3386; x_wconf 85' lang='lat' dir='ltr'><strong>ci</strong></span> <span class='ocrx_word' id='word_1_310' title='bbox 1044 3337 1116 3388; x_wconf 86' lang='lat' dir='ltr'><strong>dede-</strong></span> 
     </span>
     <span class='ocr_line' id='line_1_34' title="bbox 51 3413 1115 3482; baseline 0.004 -20"><span class='ocrx_word' id='word_1_311' title='bbox 51 3413 78 3462; x_wconf 86' lang='lat' dir='ltr'><strong>ad</strong></span> <span class='ocrx_word' id='word_1_312' title='bbox 95 3419 198 3468; x_wconf 78' lang='lat' dir='ltr'><strong>fundm</strong></span> <span class='ocrx_word' id='word_1_313' title='bbox 212 3417 353 3480; x_wconf 78' lang='lat' dir='ltr'><strong>veniretur,</strong></span> <span class='ocrx_word' id='word_1_314' title='bbox 366 3416 392 3466; x_wconf 89' lang='lat' dir='ltr'><strong>in</strong></span> <span class='ocrx_word' id='word_1_315' title='bbox 406 3433 456 3482; x_wconf 90' lang='lat' dir='ltr'><strong>qno</strong></span> <span class='ocrx_word' id='word_1_316' title='bbox 470 3419 559 3466; x_wconf 79' lang='lat' dir='ltr'><strong>resima</strong></span> <span class='ocrx_word' id='word_1_317' title='bbox 600 3428 654 3480; x_wconf 84' lang='lat' dir='ltr'><strong>ret,</strong></span> <span class='ocrx_word' id='word_1_318' title='bbox 679 3430 707 3467; x_wconf 89' lang='lat' dir='ltr'><strong>ut</strong></span> <span class='ocrx_word' id='word_1_319' title='bbox 731 3416 883 3466; x_wconf 85' lang='lat' dir='ltr'><strong>adversarios</strong></span> <span class='ocrx_word' id='word_1_320' title='bbox 906 3419 976 3467; x_wconf 82' lang='lat' dir='ltr'><strong>facile</strong></span> <span class='ocrx_word' id='word_1_321' title='bbox 998 3418 1115 3466; x_wconf 79' lang='lat' dir='ltr'><strong>vinceret.</strong></span> 
     </span>
     <span class='ocr_line' id='line_1_35' title="bbox 52 3495 1117 3562; baseline -0.001 -16"><span class='ocrx_word' id='word_1_322' title='bbox 52 3499 122 3556; x_wconf 77' lang='lat' dir='ltr'><strong>posita</strong></span> <span class='ocrx_word' id='word_1_323' title='bbox 130 3507 182 3560; x_wconf 84' lang='lat' dir='ltr'><strong>est,</strong></span> <span class='ocrx_word' id='word_1_324' title='bbox 192 3513 265 3562; x_wconf 86' lang='lat' dir='ltr'><strong>quant</strong></span> <span class='ocrx_word' id='word_1_325' title='bbox 274 3511 341 3544; x_wconf 90' lang='lat' dir='ltr'><strong>nuuc</strong></span> <span class='ocrx_word' id='word_1_326' title='bbox 349 3497 375 3543; x_wconf 88' lang='lat' dir='ltr'><strong>in</strong></span> <span class='ocrx_word' id='word_1_327' title='bbox 384 3511 476 3546; x_wconf 84' lang='lat' dir='ltr'><strong>somme</strong></span> <span class='ocrx_word' id='word_1_328' title='bbox 486 3507 559 3560; x_wconf 86' lang='lat' dir='ltr'><strong>terra,</strong></span> <span class='ocrx_word' id='word_1_329' title='bbox 601 3497 716 3546; x_wconf 64' lang='lat' dir='ltr'><strong>mesilse</strong></span> <span class='ocrx_word' id='word_1_330' title='bbox 724 3498 786 3546; x_wconf 85' lang='lat' dir='ltr'><strong>ratio</strong></span> <span class='ocrx_word' id='word_1_331' title='bbox 795 3495 986 3562; x_wconf 78' lang='lat' dir='ltr'><strong>philosophandi</strong></span> <span class='ocrx_word' id='word_1_332' title='bbox 993 3495 1117 3546; x_wconf 84' lang='lat' dir='ltr'><strong>uitebstur</strong></span> 
     </span>
     <span class='ocr_line' id='line_1_36' title="bbox 52 3575 1117 3644; baseline 0.002 -22"><span class='ocrx_word' id='word_1_333' title='bbox 52 3575 210 3626; x_wconf 85' lang='lat' dir='ltr'><strong>ctlcrlmanu</strong></span> <span class='ocrx_word' id='word_1_334' title='bbox 220 3575 386 3641; x_wconf 69' lang='lat' dir='ltr'><strong>querimus».</strong></span> <span class='ocrx_word' id='word_1_335' title='bbox 570 3599 574 3604; x_wconf 91' lang='lat'>·</span> <span class='ocrx_word' id='word_1_336' title='bbox 604 3575 1117 3644; x_wconf 57' lang='lat' dir='ltr'><strong>lrrblniztts·etmodemreticm,ooppo</strong></span> 
     </span>
     <span class='ocr_line' id='line_1_37' title="bbox 85 3653 1117 3721; baseline 0 -18"><span class='ocrx_word' id='word_1_337' title='bbox 85 3657 121 3706; x_wconf 74' lang='lat' dir='ltr'><strong>rt.</strong></span> <span class='ocrx_word' id='word_1_338' title='bbox 136 3654 298 3721; x_wconf 79' lang='lat' dir='ltr'><strong>Opt&#39;rrt&#39;orslbus</strong></span> <span class='ocrx_word' id='word_1_339' title='bbox 313 3665 339 3702; x_wconf 88' lang='lat' dir='ltr'><strong>et</strong></span> <span class='ocrx_word' id='word_1_340' title='bbox 352 3653 462 3704; x_wconf 82' lang='lat' dir='ltr'><strong>imtitcts&#39;s</strong></span> <span class='ocrx_word' id='word_1_341' title='bbox 476 3656 559 3703; x_wconf 79' lang='lat' dir='ltr'><strong>omnic</strong></span> <span class='ocrx_word' id='word_1_342' title='bbox 604 3655 687 3716; x_wconf 64' lang='grc' dir='ltr'><strong>ώνην,</strong></span> <span class='ocrx_word' id='word_1_343' title='bbox 701 3656 728 3705; x_wconf 88' lang='lat' dir='ltr'><strong>b.</strong></span> <span class='ocrx_word' id='word_1_344' title='bbox 744 3673 764 3705; x_wconf 91' lang='lat' dir='ltr'><strong>e.</strong></span> <span class='ocrx_word' id='word_1_345' title='bbox 775 3657 848 3704; x_wconf 89' lang='lat' dir='ltr'><strong>animi</strong></span> <span class='ocrx_word' id='word_1_346' title='bbox 862 3656 990 3706; x_wconf 77' lang='lat' dir='ltr'><strong>aflectibus</strong></span> <span class='ocrx_word' id='word_1_347' title='bbox 999 3655 1117 3720; x_wconf 83' lang='lat' dir='ltr'><strong>indepen-</strong></span> 
     </span>
     <span class='ocr_line' id='line_1_38' title="bbox 52 3731 1117 3802; baseline 0 -22"><span class='ocrx_word' id='word_1_348' title='bbox 52 3735 128 3786; x_wconf 82' lang='lat' dir='ltr'><strong>teeeri.</strong></span> <span class='ocrx_word' id='word_1_349' title='bbox 144 3731 206 3785; x_wconf 71' lang='lat' dir='ltr'><strong>lieo</strong></span> <span class='ocrx_word' id='word_1_350' title='bbox 224 3735 314 3784; x_wconf 81' lang='lat' dir='ltr'><strong>vitiosa</strong></span> <span class='ocrx_word' id='word_1_351' title='bbox 331 3733 454 3785; x_wconf 79' lang='lat' dir='ltr'><strong>ridentur.</strong></span> <span class='ocrx_word' id='word_1_352' title='bbox 473 3735 560 3798; x_wconf 75' lang='lat' dir='ltr'><strong>Neque</strong></span> <span class='ocrx_word' id='word_1_353' title='bbox 604 3734 1117 3802; x_wconf 79' lang='lat' dir='ltr'><strong>dentiam,eorumquesedetionem,flrseee</strong></span> 
     </span>
     <span class='ocr_line' id='line_1_39' title="bbox 52 3811 894 3880; baseline 0.001 -18"><span class='ocrx_word' id='word_1_354' title='bbox 52 3814 108 3862; x_wconf 78' lang='lat' dir='ltr'><strong>cuim</strong></span> <span class='ocrx_word' id='word_1_355' title='bbox 126 3830 243 3880; x_wconf 78' lang='lat' dir='ltr'><strong>umqum</strong></span> <span class='ocrx_word' id='word_1_356' title='bbox 261 3811 388 3878; x_wconf 79' lang='lat' dir='ltr'><strong>opiniones</strong></span> <span class='ocrx_word' id='word_1_357' title='bbox 405 3823 431 3861; x_wconf 89' lang='lat' dir='ltr'><strong>et</strong></span> <span class='ocrx_word' id='word_1_358' title='bbox 448 3813 562 3862; x_wconf 77' lang='lat' dir='ltr'><strong>instituta</strong></span> <span class='ocrx_word' id='word_1_359' title='bbox 600 3811 690 3879; x_wconf 72' lang='lat' dir='ltr'><strong>philos.</strong></span> <span class='ocrx_word' id='word_1_360' title='bbox 706 3813 771 3862; x_wconf 86' lang='lat' dir='ltr'><strong>lecit.</strong></span> <span class='ocrx_word' id='word_1_361' title='bbox 787 3817 821 3863; x_wconf 83' lang='lat' dir='ltr'><strong>ll.</strong></span> <span class='ocrx_word' id='word_1_362' title='bbox 891 3840 894 3848; x_wconf 92' lang='lat'>·</span> 
     </span>
     <span class='ocr_line' id='line_1_40' title="bbox 52 3889 1118 3958; baseline -0.002 -19"><span class='ocrx_word' id='word_1_363' title='bbox 52 3891 193 3958; x_wconf 79' lang='lat' dir='ltr'><strong>iunguntur,</strong></span> <span class='ocrx_word' id='word_1_364' title='bbox 209 3891 383 3943; x_wconf 86' lang='lat' dir='ltr'><strong>uecbooloco</strong></span> <span class='ocrx_word' id='word_1_365' title='bbox 403 3902 468 3940; x_wconf 86' lang='lat' dir='ltr'><strong>reete</strong></span> <span class='ocrx_word' id='word_1_366' title='bbox 487 3893 560 3956; x_wconf 73' lang='lat' dir='ltr'><strong>jungi</strong></span> <span class='ocrx_word' id='word_1_367' title='bbox 643 3897 684 3941; x_wconf 78' lang='lat' dir='ltr'><strong>rt.</strong></span> <span class='ocrx_word' id='word_1_368' title='bbox 693 3892 744 3940; x_wconf 79' lang='lat' dir='ltr'><strong>sibi</strong></span> <span class='ocrx_word' id='word_1_369' title='bbox 752 3891 893 3956; x_wconf 81' lang='lat' dir='ltr'><strong>reliquisset.</strong></span> <span class='ocrx_word' id='word_1_370' title='bbox 903 3889 1118 3942; x_wconf 84' lang='lat' dir='ltr'><strong>llocenimunnm</strong></span> 
     </span>
     <span class='ocr_line' id='line_1_41' title="bbox 54 3965 1119 4039; baseline -0.004 -19"><span class='ocrx_word' id='word_1_371' title='bbox 54 3973 286 4039; x_wconf 62' lang='lat' dir='ltr'><strong>metapontini,</strong></span> <span class='ocrx_word' id='word_1_372' title='bbox 298 3987 374 4035; x_wconf 83' lang='lat' dir='ltr'><strong>quum</strong></span> <span class='ocrx_word' id='word_1_373' title='bbox 387 3970 498 4020; x_wconf 76' lang='lat' dir='ltr'><strong>institisse</strong></span> <span class='ocrx_word' id='word_1_374' title='bbox 510 3986 561 4019; x_wconf 89' lang='lat' dir='ltr'><strong>non</strong></span> <span class='ocrx_word' id='word_1_375' title='bbox 606 3974 716 4021; x_wconf 81' lang='lat' dir='ltr'><strong>Socrates</strong></span> <span class='ocrx_word' id='word_1_376' title='bbox 734 3987 760 4020; x_wconf 88' lang='lat' dir='ltr'><strong>ee</strong></span> <span class='ocrx_word' id='word_1_377' title='bbox 781 3972 844 4020; x_wconf 86' lang='lat' dir='ltr'><strong>scire</strong></span> <span class='ocrx_word' id='word_1_378' title='bbox 862 3969 1028 4037; x_wconf 71' lang='lat' dir='ltr'><strong>predicebat,</strong></span> <span class='ocrx_word' id='word_1_379' title='bbox 1050 3965 1119 4032; x_wconf 86' lang='lat' dir='ltr'><strong>quod</strong></span> 
     </span>
     <span class='ocr_line' id='line_1_42' title="bbox 55 4049 857 4115; baseline -0.002 -13"><span class='ocrx_word' id='word_1_380' title='bbox 55 4054 181 4102; x_wconf 65' lang='lat' dir='ltr'><strong>mnne</strong></span> <span class='ocrx_word' id='word_1_381' title='bbox 208 4067 238 4102; x_wconf 82' lang='lat' dir='ltr'><strong>ea</strong></span> <span class='ocrx_word' id='word_1_382' title='bbox 267 4052 412 4115; x_wconf 89' lang='lat' dir='ltr'><strong>opinionum</strong></span> <span class='ocrx_word' id='word_1_383' title='bbox 440 4050 562 4100; x_wconf 79' lang='lat' dir='ltr'><strong>ermribus</strong></span> <span class='ocrx_word' id='word_1_384' title='bbox 606 4049 667 4100; x_wconf 85' lang='lat' dir='ltr'><strong>nibil</strong></span> <span class='ocrx_word' id='word_1_385' title='bbox 676 4051 756 4100; x_wconf 84' lang='lat' dir='ltr'><strong>sciret.</strong></span> <span class='ocrx_word' id='word_1_386' title='bbox 770 4051 857 4100; x_wconf 82' lang='lat' dir='ltr'><strong>Tuan.</strong></span> 
     </span>
     <span class='ocr_line' id='line_1_43' title="bbox 55 4123 1119 4196; baseline -0.007 -17"><span class='ocrx_word' id='word_1_387' title='bbox 55 4130 178 4190; x_wconf 75' lang='lat' dir='ltr'><strong>pendeam.</strong></span> <span class='ocrx_word' id='word_1_388' title='bbox 196 4130 295 4181; x_wconf 84' lang='lat' dir='ltr'><strong>Lubcns</strong></span> <span class='ocrx_word' id='word_1_389' title='bbox 313 4130 387 4194; x_wconf 79' lang='lat' dir='ltr'><strong>igitur</strong></span> <span class='ocrx_word' id='word_1_390' title='bbox 404 4130 560 4196; x_wconf 83' lang='lat' dir='ltr'><strong>arripuerim,</strong></span> <span class='ocrx_word' id='word_1_391' title='bbox 645 4145 684 4192; x_wconf 82' lang='lat'><strong>¹7·</strong></span> <span class='ocrx_word' id='word_1_392' title='bbox 709 4130 849 4178; x_wconf 75' lang='lat' dir='ltr'><strong>Sisennia</strong></span> <span class='ocrx_word' id='word_1_393' title='bbox 871 4129 947 4180; x_wconf 78' lang='lat' dir='ltr'><strong>locere</strong></span> <span class='ocrx_word' id='word_1_394' title='bbox 965 4125 1076 4174; x_wconf 76' lang='lat' dir='ltr'><strong>censebat</strong></span> <span class='ocrx_word' id='word_1_395' title='bbox 1094 4123 1119 4172; x_wconf 83' lang='lat' dir='ltr'><strong>irs</strong></span> 
     </span>
    </p>
   </div>
   <div class='ocr_carea' id='block_1_4' title="bbox 0 0 1370 4690">
    <p class='ocr_par' dir='ltr' id='par_1_5' title="bbox 0 0 1370 4690">
     <span class='ocr_line' id='line_1_44' title="bbox 0 0 1370 4690; baseline 0 0"><span class='ocrx_word' id='word_1_396' title='bbox 0 0 1370 4690; x_wconf 95' lang='lat' dir='ltr'><strong> </strong></span> 
     </span>
    </p>
   </div>
  </div>
 </body>
</html>
