2748 4670
298 377 546 466 suintino.
567 397 602 480 1,
626 397 757 467 nunu
771 399 821 486 n,
848 423 900 470 η.
1060 403 1130 498 289

67 514 223 585 maxime
242 517 402 602 intersit,
422 514 526 613 ‘quod
543 517 741 588 inanimum
761 519 849 590 nihil
868 522 940 618 agit
951 517 980 610 ⁸,
1001 525 1131 595 animal

67 629 138 722 agit
156 624 295 723 aliquid
312 625 426 722 (nihil
442 627 539 696 enim
558 647 663 722 agens
680 653 727 699 ne
743 631 890 725 cogitari
906 629 1053 727 quidem
1069 659 1132 731 po-

68 750 133 806 test
149 736 263 833 quale
282 736 375 832 sit):
397 749 458 807 aut
475 736 509 806 ei
525 759 651 807 sensus
670 736 881 811 adimendus
899 755 971 828 est;
991 755 1054 814 aut
1072 767 1131 831 ea,
1163 739 1165 748 ’

68 871 146 942 qnae
158 861 215 918 est
232 851 271 918 in
288 861 409 918 nostra
421 857 597 944 potestate
608 849 708 936 suat,
728 849 910 922 reddenda
921 861 951 893 ¹⁰
963 855 1131 923 assensio.

68 961 109 1026 At
124 978 218 1028 vero
236 959 377 1029 animus
394 955 553 1053 quodam
568 957 680 1027 ruodo
696 962 848 1057 eripitur
865 958 939 1045 his,
957 985 1051 1056 quos
1069 985 1133 1031 ne·
1150 987 1184 1042 38

68 1092 137 1163 que
158 1070 316 1155 sentire,
333 1089 453 1163 neque
474 1067 635 1137 assentiri
649 1067 788 1138 volunt.
808 1071 857 1138 Ut
873 1072 969 1140 enim
989 1094 1133 1142 necesse

69 1189 138 1261 est,
157 1176 303 1247 lancem
321 1177 357 1246 in
377 1173 484 1261 libra,
506 1175 729 1272 ponderibus
746 1179 940 1276 impositis,
960 1178 1133 1278 deprimi;

70 1289 116 1358 sic
136 1289 303 1358 animum
322 1285 519 1384 perspicuis
539 1286 677 1358 cedere.
698 1291 810 1378 Nam,
833 1313 909 1384 quo
928 1273 1038 1360 modo
1058 1313 1133 1362 non

70 1409 188 1492 potest
203 1395 337 1467 animal
354 1395 470 1466 ullum
480 1403 511 1440 ¹¹
530 1421 605 1466 non
621 1411 791 1496 appetere
806 1397 863 1487 id,
880 1397 980 1496 quod
995 1425 1134 1472 accom-

71 1657 181 1707 peeesns,
197 1645 225 1694 td
238 1661 270 1693 ns
281 1643 467 1709 utrumquem
479 1643 581 1704 ilibus
623 1655 796 1710 opponeretur.
816 1645 875 1706 Ejus
888 1645 945 1694 loeo
963 1645 1048 1712 scripti
1064 1649 1134 1698 multi

70 1727 179 1789 opposite
199 1725 288 1774 elarius
302 1723 403 1783 vident,
420 1722 580 1771 umbramen
622 1725 762 1787 credenda,
786 1725 874 1789 quibua
897 1725 1018 1774 accedunt
1043 1729 1132 1779 Dread.

70 1821 107 1854 sua
115 1815 208 1870 sponte
219 1803 352 1868 corrigant.
362 1805 394 1852 G.
622 1806 701 1854 Wrst.
722 1801 747 1869 ψ.
767 1803 838 1854 Unde
858 1806 984 1866 conjecere
1002 1808 1057 1856 VV.
1077 1811 1133 1857 DD.

101 1887 125 1934 8.
147 1883 293 1933 Inanimum
313 1881 376 1932 nihil
393 1880 453 1948 agit.
476 1883 580 1930 Goereus
619 1883 767 1946 prodenda,
795 1882 923 1940 cedenda,
946 1893 993 1936 etc.
1017 1887 1134 1936 Omnium

70 1963 116 2012 bne
128 1965 207 2014 verba
219 1962 353 2027 expunxit,
367 1977 422 2024 quse
430 1959 512 2026 plures
522 1960 580 2008 scri·
621 1963 724 2026 possisne
732 1960 841 2010 Hiilsem.
850 1962 972 2009 credenda
979 1962 1063 2012 edidit.
1073 1967 1134 2014 Red-

71 2045 102 2105 pti
109 2045 234 2106 ignorant.
245 2043 387 2106 Suspicatus
398 2040 510 2087 Durisiua
521 2050 581 2100 eret,
622 2039 679 2090 dere
690 2053 726 2090 est
735 2042 760 2090 h.
770 2042 787 2091 1.
799 2063 810 2085 ι
821 2057 873 2090 non
884 2041 990 2092 adimere
996 2078 1005 2101 ,
1017 2043 1061 2092 aed
1073 2061 1134 2094 con-

70 2122 141 2170 sideri
152 2139 182 2170 en
197 2120 228 2168 sb
240 2119 345 2168 librariis
356 2117 451 2178 addita,
464 2134 514 2181 quo
527 2117 579 2182 ple-
623 2121 707 2190 cedere
717 2143 737 2170 n.
758 2119 794 2170 Ut
812 2121 900 2185 aaepius
915 2134 1015 2182 auctor,
1035 2145 1047 2167 a
1059 2126 1133 2173 vitam

72 2203 120 2250 nior
130 2201 201 2250 fleret
213 2199 304 2248 oratio.
315 2199 398 2246 Recte.
413 2199 475 2246 Nam
487 2209 580 2258 emunt,
622 2199 750 2251 reddidisti
759 2199 810 2260 ·,i.
820 2217 841 2248 e.
855 2221 869 2242 υ
877 2215 928 2248 uon
938 2200 1049 2249 ademisti
1058 2219 1134 2268 quum

71 2282 151 2344 partim
174 2291 264 2334 suctm
280 2279 324 2326 hus
345 2277 529 2343 oppositiones,
549 2275 579 2325 sd
622 2281 769 2344 posses,sed
780 2279 879 2329 servasti
886 2303 907 2328 ι.
917 2281 998 2344 Atque
1008 2297 1072 2348 saepe
1080 2283 1133 2332 hee

71 2359 254 2424 intelligendum
269 2357 366 2415 incides,
384 2367 516 2404 coarctnms
532 2373 580 2421 po·
623 2360 696 2426 verba
708 2360 755 2417 sibi
767 2371 935 2424 opponuntur,
949 2377 972 2409 v.
988 2377 1009 2410 c.
1024 2362 1132 2428 Philipp.

70 2440 245 2504 uere,partim
253 2437 340 2485 scribae
352 2435 446 2484 easdem
457 2433 579 2499 supplere.
622 2441 676 2504 nt,
698 2437 926 2501 5‚10‚·reddtss
947 2440 970 2488 ei
988 2440 1075 2500 vitam,
1094 2439 1134 2488 eui

70 2517 105 2566 Gi.
117 2521 215 2568 Senect.
229 2525 270 2574 rt,
281 2523 326 2577 tp,
344 2514 387 2562 ubi
397 2531 438 2563 vv.
449 2511 581 2580 quamfrut'
623 2518 756 2578 admisistis,
768 2530 814 2568 etc.
824 2541 837 2561 ι
854 2518 886 2566 G.

72 2607 114 2646 tm
126 2599 176 2648 mci
191 2598 326 2647 omittunt:
345 2598 414 2645 Orat.
426 2597 476 2652 111,
493 2609 516 2655 1,
529 2593 563 2640 26
570 2627 580 2651 ,
661 2615 701 2649 rr.
715 2599 772 2666 lion
780 2608 859 2662 potest
872 2595 969 2644 animal
983 2596 1066 2646 ulium.
1076 2597 1135 2646 Plu·

70 2676 161 2726 ubier.
176 2688 298 2726 ettamen
310 2670 581 2736 verum‚sscribisud·
623 2692 661 2724 res
684 2676 800 2744 omittunt
818 2673 917 2738 scripti,
932 2684 957 2721 et
973 2673 1000 2720 in
1022 2675 1060 2722 his
1084 2673 1135 2722 duo

72 2761 116 2809 dita
129 2772 197 2810 snut.
209 2761 250 2810 cf.
264 2759 315 2808 ou.
327 2761 368 2818 11,
380 2757 413 2817 3,
433 2773 482 2818 rs,
497 2755 580 2819 ibique
623 2755 685 2814 mei,
698 2753 873 2822 ecupriorem.
889 2753 929 2800 Sic
942 2751 1034 2800 scilicet
1042 2752 1136 2810 solent,

71 2843 142 2892 Heus.
160 2843 225 2904 Quis
239 2850 319 2888 sutem
335 2838 361 2886 h.
374 2837 392 2885 l.
404 2835 581 2885 non-iaeiilime
623 2833 681 2882 vide
695 2849 768 2897 supra
780 2832 812 2879 sd
824 2831 841 2896 S
859 2847 901 2891 sp,
915 2831 1007 2895 optima
1022 2831 1087 2878 euim
1100 2841 1137 2880 est

71 2919 112 2968 ista
130 2917 299 2986 suppleverit,
318 2932 394 2980 quum
416 2915 446 2963 de
467 2914 517 2984 hoc
536 2913 583 2960 fre·
625 2913 775 2962 constructio
804 2909 952 2973 «quomodo
980 2926 1030 2958 non
1056 2919 1137 2974 potest

72 3001 151 3062 quenti
160 2997 270 3047 auctoris
279 3011 347 3044 more
356 2993 488 3058 cognorit?
498 2991 582 3054 Quid?
624 3007 688 3040 non.
699 3025 705 3038 .
716 3024 723 3037 .
734 3024 740 3037 .
755 2990 790 3036 sic
805 3003 856 3036 nou
866 2999 948 3053 potest
961 3004 1011 3036 non
1020 3010 1032 3030 a
1044 3005 1049 3035 :
1064 3005 1136 3051 quam

72 3080 123 3126 sies
133 3079 276 3138 admiseris,
288 3091 381 3132 nonne,
395 3089 449 3137 quus
460 3073 485 3120 in
498 3086 582 3140 pareu-
625 3074 647 3120 ai
660 3069 778 3129 turbaris,
792 3067 956 3116 membrorum
968 3069 1075 3132 par-ilites
1092 3085 1136 3134 pe·

72 3153 487 3222 theaiaequuutur,coactiuaadditu
495 3153 582 3200 erunt?
626 3151 691 3199 ribit.
706 3152 787 3211 Quare
799 3163 850 3195 nou
864 3145 942 3212 probs
951 3145 1061 3196 Hiilsem.
1073 3165 1138 3198 esm-

72 3253 143 3298 qumn
157 3236 222 3286 nibil
230 3250 349 3300 ngensex
357 3233 438 3295 regula
448 3230 479 3278 sd
491 3241 584 3278 utrum·
626 3229 682 3283 dem
699 3237 762 3292 part.
780 3224 887 3286 ubjecit:
905 3225 949 3272 sed
961 3225 1002 3272 ille
1017 3237 1042 3275 et
1054 3229 1080 3276 in
1092 3227 1138 3278 hac

73 3331 116 3378 que
128 3313 255 3364 reserenda
267 3313 361 3370 iorerrt,
374 3323 428 3373 quse
438 3309 518 3359 solum
527 3307 583 3358 aui·
627 3307 745 3364 delenda,
763 3315 789 3352 et
803 3306 829 3352 in
842 3304 950 3364 ratione,
964 3321 1036 3368 quern
1055 3307 1136 3368 addit,

73 3395 249 3458 uuispectnut.
262 3393 295 3440 G.
483 3442 487 3453 ‚
626 3396 651 3436 et
677 3388 702 3435 iu
729 3385 823 3442 ullum,
845 3382 914 3448 quod
936 3384 1008 3448 simul
1029 3387 1138 3450 expulit,

105 3490 130 3536 9.
140 3475 201 3536 Qnoe
210 3482 250 3519 ast
259 3469 284 3516 iu
297 3479 382 3516 nostra
391 3476 515 3534 potestate
524 3464 582 3514 situ.
627 3476 694 3514 totus
703 3465 793 3526 nescit,
804 3463 865 3528 quid
875 3463 922 3512 sibi
930 3465 998 3513 velit.
1007 3466 1080 3528 Nam,
1088 3484 1139 3516 nou

74 3555 107 3600 ita
116 3553 184 3602 Gud.
199 3549 251 3598 Eri.
264 3547 312 3596 Dr.
327 3557 352 3596 et
361 3547 432 3594 Vien.
446 3560 520 3608 quum
530 3544 584 3592 vul·
626 3545 667 3594 ills
677 3545 764 3606 ejects,
777 3559 824 3606 qus
834 3543 928 3590 rstione
939 3542 1008 3592 locus
1022 3545 1078 3593 ferri
1092 3562 1138 3610 po-

74 3623 583 3693 geturtrsnspositisverbis,sitapotestate.
628 3635 689 3686 teet,
709 3623 755 3672 nisi
769 3615 892 3686 quomodo
908 3623 1081 3690 interrogantis
1094 3645 1140 3693 pu·

75 3709 135 3756 bene
157 3707 270 3773 reprimit
295 3703 406 3755 Durand.
427 3703 583 3760 Wslkerum,
627 3705 682 3752 tesi
700 3701 769 3766 qnod
789 3700 832 3749 ille
853 3701 907 3752 lieri
924 3714 1006 3766 vetat,
1024 3721 1069 3754 neo
1087 3705 1140 3754 lieri

74 3790 128 3850 qui,
149 3810 162 3830 ι
172 3803 238 3852 quse.
249 3799 300 3832 uon
318 3793 354 3830 est
372 3783 400 3830 in
417 3793 499 3830 nostre
513 3793 584 3846 pote·
627 3794 692 3831 recte
700 3782 767 3830 licet.
777 3780 853 3844 Quod
862 3792 942 3832 autem
951 3783 1033 3834 Daris.
1048 3783 1140 3842 ulicis,

75 3876 167 3929 stete»,
185 3865 288 3914 scribit:
312 3861 380 3925 qnod
393 3877 470 3926 nuper
484 3860 584 3924 recoqui
628 3859 726 3925 scriptia
736 3859 856 3923 editisque
865 3871 924 3908 vett.
937 3861 1050 3910 omnibus
1060 3861 1142 3909 litma-

75 3944 292 3993 nondebebat.G.
630 3951 682 3989 tum
695 3951 720 3989 et
741 3955 796 3988 oum
820 3939 929 4003 pondere
946 3939 1072 4001 additum,
1092 3954 1143 3988 non

110 4039 154 4074 ru.
180 4021 314 4071 Reddenda
339 4018 453 4068 assensio.
479 4019 587 4068 Reddere
630 4019 716 4078 hebet,
729 4017 755 4066 id
770 4035 897 4084 operarum
911 4017 973 4068 vitio
987 4017 1143 4068 uibusudum

76 4114 154 4152 sutem
166 4113 251 4150 auctor
262 4101 340 4158 dixit,
351 4110 380 4148 ut
392 4099 471 4175 verbo·
480 4099 589 4146 adiuuere
632 4098 737 4148 ridetur.
750 4100 781 4148 G.
875 4133 877 4138 -

173 4191 201 4259 Ι.
227 4207 274 4253 os.
285 4203 422 4269 panset.
984 4204 1026 4272 19
