2776 4688
229 350 289 420 xiv
553 357 683 427 NOVI
711 359 955 428 EDITORIS

228 494 330 558 mus,
347 474 411 570 qui
436 477 512 571 ipse
539 494 577 547 se
599 476 684 550 huic
708 480 887 578 praecipue
913 476 1091 550 studuisse
1111 474 1288 564 declarat,

225 601 267 658 ut
280 610 402 658 rerum
418 591 545 662 seriem
566 591 905 692 philosophicasque
913 597 1083 664 Veterum
1102 589 1288 662 doctrinas

226 701 409 774 enodaret.
430 706 602 778 Praeterea
618 711 739 779 omnia
762 733 842 806 quae
859 711 899 780 in
920 709 1083 806 priorum
1106 705 1288 778 editorum

226 814 404 904 Tumebi,
426 817 550 908 Fabri,
564 821 712 910 Oliveti,
728 824 877 910 Davisii,
888 837 954 893 ete.
974 819 1288 918 disquisitionibus

225 927 324 1000 bona
336 931 411 1004 visa
428 949 530 1022 sunt,
546 933 653 1006 nobis
669 935 1033 1024 accommodavimus,
1052 959 1119 1008 suo
1132 959 1288 1033 quaeque

225 1041 307 1115 loco
321 1042 538 1135 reserentes;
559 1073 626 1120 nec
643 1074 725 1122 raro
743 1053 907 1123 versione
931 1050 1055 1148 gallica
1074 1051 1130 1121 usi
1149 1060 1285 1119 sumus.

275 1163 443 1258 Denique
471 1187 518 1236 ne
547 1165 636 1261 quid
661 1166 799 1239 deesset
829 1168 873 1239 ad
899 1164 1145 1266 explicandam
1172 1178 1287 1236 mate·

225 1274 314 1346 riam
333 1299 411 1372 quae
425 1277 482 1350 his
499 1280 535 1349 in
555 1279 655 1352 libris
669 1296 851 1372 tractatur,
865 1296 902 1354 et
913 1296 954 1354 ut
964 1279 1050 1369 illae,
1068 1305 1149 1378 quae
1164 1280 1287 1350 multas

226 1401 263 1460 et
285 1413 443 1486 magnae,
467 1404 672 1491 temporum
701 1394 853 1484 invidia,
886 1395 1134 1466 in-Ciceronis
1162 1415 1288 1463 occur·

224 1517 328 1591 runt,
354 1503 490 1576 lacunae
509 1507 762 1607 implerentur,
785 1509 1033 1582 doctissimum
1058 1513 1096 1579 P.
1116 1506 1287 1578 Valentiae

226 1619 340 1712 op'us,
360 1619 588 1706 Academica,
608 1621 708 1719 quod
736 1623 858 1693 omnia
883 1647 964 1718 quae
990 1619 1037 1692 ad
1062 1618 1288 1692 certitudinis

225 1731 459 1824 quaestionem
490 1733 587 1832 apud
610 1739 758 1807 Veteres
787 1735 967 1834 disputata
995 1748 1080 1807 sunt
1105 1735 1287 1822 continet,

98 1937 101 1943 Ι
226 1845 339 1941 ipsius
357 1849 540 1920 Ciceronis
557 1850 776 1922 Academicis
797 1851 1075 1949 praeposuimus,
1102 1847 1289 1935 Demadi,

226 1960 429 2033 Castillonis
445 1963 672 2061 aliorumque
690 1965 878 2064 exemplo;
896 1980 931 2037 et
944 1963 1140 2037 nonnullos
1152 1968 1288 2034 Excur-

227 2095 288 2144 sus
304 2075 343 2144 in
362 2077 647 2176 uniuscujusque
666 2079 750 2151 libri
771 2081 867 2152 calce
886 2077 1115 2176 subjecimus.

274 2189 399 2278 Quum
421 2213 506 2262 vero
526 2192 707 2288 pleraeque
725 2193 853 2265 critice
873 2208 988 2280 notae,
1005 2207 1047 2263 ut
1069 2215 1178 2289 supra
1199 2189 1288 2260 dixi·

226 2324 326 2390 mus,
345 2327 390 2376 ex
409 2306 591 2378 Goerenaii
609 2306 768 2378 editione
789 2307 924 2378 haustae
944 2304 1099 2393 fuerint,
1126 2327 1194 2375 nec
1217 2304 1287 2375 illae

226 2413 329 2488 facile
347 2417 497 2518 intelligi
516 2421 673 2519 possint,
699 2424 768 2492 nisi
790 2423 883 2493 ratio
902 2444 1012 2517 quam
1035 2419 1095 2490 ille
1114 2418 1231 2490 editor
1248 2420 1287 2488 in

227 2533 278 2601 eis
287 2527 486 2604 scribendis
501 2536 629 2623 tenuit,
643 2550 679 2606 et
692 2561 734 2606 ea
747 2535 960 2635 compendia
970 2533 1104 2632 quibus
1116 2531 1287 2630 frequen-

226 2643 359 2716 tissime
375 2649 414 2716 in
430 2646 659 2745 designandis
674 2653 759 2723 Mss
781 2666 818 2722 et
838 2648 917 2722 edd.
933 2675 1020 2722 usus
1037 2663 1107 2736 est,
1130 2650 1213 2719 satis
1229 2648 1286 2716 in-

228 2771 433 2845 notescant3
454 2785 569 2858 pauca
584 2764 782 2835 inseremus
796 2789 839 2835 ex
853 2763 1014 2858 ejusdem
1030 2759 1238 2860 praefatione
1253 2789 1260 2830 :

276 2876 429 2944 «Textui
444 2876 698 2948 constituendo
714 2877 758 2948 ad
782 2879 939 2976 priorem
962 2875 1098 2947 librum
1118 2890 1288 2972 quatuor,

228 2981 274 3056 ad
289 2989 527 3083 posteriorem
540 2991 704 3086 quinque
718 2990 884 3061 codicum
894 2987 1061 3060 »nondum
1074 2987 1288 3060 collatorum

229 3097 402 3174 lectiones
416 3101 658 3175 adhibuimus.

276 3247 293 3284 α
319 3218 617 3317 1⁰Fregmentum
641 3221 790 3310 codicis,
810 3219 909 3319 quod
936 3224 988 3293 sic
1010 3219 1287 3318 appellavimus,

227 3353 342 3426 quum
360 3329 421 3403 hie
439 3333 530 3404 liber
549 3333 595 3404 ab
612 3335 714 3407 initio
733 3349 770 3406 et
791 3359 810 3404 a
826 3331 898 3404 line
918 3334 1065 3404 mutilus
1078 3345 1171 3402 esset
1187 3332 1288 3426 (iuci-

228 3447 282 3541 pit
300 3447 319 3538 §
343 3471 362 3542 7
385 3445 468 3516 libri
485 3453 523 3535 I,
543 3463 580 3519 et
599 3447 827 3520 deficitlibro
841 3451 933 3542 11,§
958 3445 1056 3542 131),
1075 3469 1195 3542 neque
1215 3447 1287 3516 ulla

228 3571 316 3629 nota
333 3557 622 3658 distingueretur.
632 3561 783 3634 Allatum
800 3561 845 3634 ad
855 3586 921 3632 nos
930 3575 982 3634 est
994 3585 1036 3630 ex
1047 3561 1163 3647 ltalia,
1173 3557 1288 3631 forma

129 3679 131 3684 “
228 3670 419 3767 quadrata,
433 3678 609 3772 scriptura
620 3678 898 3762 romana,literis
912 3677 1070 3763 minutis,
1083 3674 1185 3745 lineis
1195 3674 1287 3770 stylo

228 3785 357 3876 ductis,
373 3788 490 3860 verbis
503 3789 601 3861 haud
617 3815 699 3864 raro
712 3793 804 3863 male
819 3791 875 3863 vel
891 3793 1010 3876 nexis,
1022 3788 1078 3860 vel
1092 3788 1286 3873 distractis,

229 3925 443 3999 pergamena
460 3905 551 3976 male
569 3930 667 3994 rasa3
681 3905 923 4001 omnibusque
937 3905 1086 4000 reliquis
1099 3903 1206 4000 signis
1222 3929 1286 3974 sm·

229 4016 350 4090 culum
372 4023 439 4090 Xll
459 4044 532 4119 prae
552 4046 589 4092 se
613 4019 740 4092 serens.
758 4027 834 4090 Hoc
853 4019 1043 4117 proprium
1065 4017 1140 4113 (vel
1165 4019 1288 4116 potius

231 4126 314 4202 cum
344 4133 439 4208 illius
468 4135 579 4224 aetatis
610 4133 716 4206 codd.
746 4135 958 4232 commune)
983 4132 1111 4221 habet,
1133 4147 1172 4204 ut
1194 4155 1287 4230 saepo
